2132 3432
398 855 955 922 PRAEFATIO
1025 858 1506 923 EDITORIS.

421 1034 632 1098 UAE
707 1032 969 1124 copiose
1044 1032 1277 1124 scripta
1342 1032 1492 1099 sunt
1559 1035 1637 1100 ab

467 1129 832 1192 Emanuele
867 1129 1402 1219 SwedenborgiO,
1432 1154 1637 1219 quan-

264 1245 464 1312 quam
499 1220 651 1286 sunt
683 1223 886 1312 vulgo
930 1223 1071 1312 plus
1117 1247 1319 1312 quam
1364 1240 1634 1288 centum

266 1339 467 1382 annos
490 1317 683 1396 edita,
700 1340 780 1381 ne
802 1315 1003 1382 hodie
1025 1318 1295 1407 quidem
1324 1318 1403 1383 ab
1426 1320 1642 1382 omni-

264 1411 408 1488 buS‚
425 1413 708 1500 exceptis
731 1435 865 1476 uno
887 1427 950 1476 et
973 1413 1176 1478 altero
1201 1412 1334 1499 ejus
1354 1411 1638 1478 studioso

263 1507 333 1570 in
370 1507 625 1595 Magna
653 1506 1010 1584 Britannia,
1047 1522 1111 1571 et
1144 1508 1212 1571 in
1249 1508 1640 1573 Civitatibus

264 1601 674 1666 Americanis
716 1599 1110 1679 FoederatiS,
1157 1601 1424 1666 enodari
1467 1601 1639 1691 poffe

264 1692 554 1759 absolute
616 1695 941 1759 videntur.
1068 1697 1215 1761 Nec
1268 1693 1417 1760 sane
1476 1697 1639 1760 ratio

265 1790 401 1877 ejus
441 1786 839 1879 disciplinae,
882 1790 950 1854 in
1002 1788 1404 1867 universum,
1440 1790 1638 1854 etiam

265 1884 343 1948 ab
409 1884 481 1947 iis
537 1884 654 1973 qui
712 1906 867 1947 eum
928 1883 1364 1949 ardentissime
1424 1884 1637 1949 admi-

263 1993 510 2056 rantur,
534 1977 677 2042 satis
704 1977 1174 2068 comprehensa
1209 1978 1339 2056 est3
1393 1980 1637 2068 quippe

264 2074 380 2162 qui
437 2073 606 2137 inter
658 2070 721 2137 se
787 2073 866 2137 de
922 2073 1178 2139 diverfis
1242 2071 1448 2162 iisque
1506 2075 1639 2162 pri-

265 2165 480 2232 mariis
526 2167 1011 2256 quaestionibus
1064 2192 1232 2258 quae
1284 2184 1638 2232 occurrunt

266 2259 556 2325 maxime
591 2259 974 2352 discrepent.

355 2356 643 2423 Plurimi
694 2372 913 2420 autem
968 2356 1111 2434 viri,
1165 2380 1238 2421 ac
1295 2355 1639 2446 praecipue

264 2449 621 2539 Anglicani
665 2451 935 2540 quidam
986 2451 1204 2515 clerici
1239 2451 1531 2517 multum
1571 2451 1638 2515 in

265 2544 393 2608 hoc
439 2567 676 2634 genere
722 2545 1238 2625 elaboraverunt,
1286 2546 1461 2610 libris
1503 2545 1637 2634 ejus

264 2638 693 2728 interpretatis
744 2655 808 2704 et
860 2641 1046 2704 variis
1098 2640 1638 2730 explicationibus

267 2731 345 2795 ad
379 2733 661 2822 vulgum
692 2733 1220 2811 accommodatis,
1249 2733 1408 2798 dum
1445 2757 1637 2824 opera

268 2826 402 2912 ejus
477 2828 566 2892 ita
643 2828 860 2917 palam
942 2827 1191 2893 faciunt
1273 2844 1346 2893 ut
1423 2853 1637 2918 neque

267 2921 581 3011 principia
639 2922 957 2988 Ecclefiae
1019 2923 1394 2988 Primitivae
1444 2938 1638 3011 atq-ue

1434 3013 1642 3106 Apos-
