2080 3424
510 262 636 348 196
763 263 916 351 Cap.
957 264 1054 326 II.
1090 262 1194 326 De
1228 261 1607 350 mechanismo

503 422 702 487 quare
754 422 887 463 non
942 399 1082 463 illos
1137 400 1634 488 praeveniamuS,
1681 401 1745 465 Sc
1803 400 1871 462 in

503 494 629 557 hoc
663 491 893 557 saeculo
919 516 996 557 eo
1024 490 1227 582 usque
1254 517 1407 557 cum
1439 492 1648 558 nostra
1674 490 1873 557 scien-

504 588 591 650 tia
626 589 890 652 eamus?
968 588 1203 651 Sumus
1247 587 1453 651 veluti
1498 588 1724 652 incolae
1769 610 1872 650 ru·

507 683 611 745 des
647 685 710 747 &
746 682 926 745 nulla
967 679 1231 745 scientia
1265 681 1524 756 imbuti,
1562 682 1679 770 qui
1713 680 1874 744 dum

507 773 851 853 nescirent,
881 797 1042 863 quos
1070 775 1379 838 terminos
1408 776 1506 839 vel
1541 799 1622 840 an
1656 775 1876 840 termi-

508 893 621 934 nos
670 869 937 933 haberet
994 869 1205 946 telluS,
1259 867 1415 932 hinc
1472 893 1629 933 cum
1695 884 1875 932 extra

506 961 687 1027 suam
744 964 1090 1051 paroeciam
1149 960 1531 1050 spectarent,
1583 963 1877 1027 viderant

505 1059 808 1122 tellurem
842 1053 905 1120 se
939 1057 1214 1145 amplius
1241 1057 1610 1134 extendere,
1637 1054 1742 1121 sed
1777 1079 1876 1120 us-

505 1175 635 1240 que
699 1167 1102 1239 putaverant,
1155 1173 1287 1214 non
1352 1151 1580 1240 procul
1645 1150 1878 1215 abinde

507 1247 852 1310 desituram
881 1242 1036 1321 effe3
1079 1267 1289 1333 quum
1318 1245 1582 1308 tandem
1611 1244 1877 1308 ulterius

507 1341 1097 1429 peregrinarentur,
1123 1342 1186 1404 &
1214 1338 1505 1403 viderent
1532 1338 1632 1402 vel
1659 1338 1877 1402 lacum

507 1435 606 1497 vel
657 1456 997 1510 oceanum,
1050 1448 1208 1496 tunc
1258 1433 1718 1509 exclamarant,
1770 1431 1879 1496 hic

507 1527 596 1592 est
642 1529 957 1592 terminus
1003 1544 1218 1603 terrae3
1270 1525 1377 1590 sed
1422 1527 1654 1616 posteri
1705 1527 1879 1591 navi-

508 1622 783 1711 gationis
849 1639 1052 1685 artem
1121 1622 1330 1684 edocti
1386 1643 1499 1710 per
1552 1622 1881 1710 experien-

509 1719 669 1780 tiam
726 1731 1196 1804 compererant,
1250 1714 1462 1779 adhuc
1513 1715 1759 1779 telluris
1808 1713 1880 1778 fi-

511 1834 663 1875 nem
707 1833 837 1875 non
885 1808 1107 1886 adeffe,
1152 1806 1356 1897 usque
1405 1809 1566 1872 dum
1617 1808 1882 1872 tandem

510 1907 759 1994 experti
793 1905 935 1980 fint,
973 1903 1151 1967 illam
1187 1903 1306 1967 effe
1341 1903 1564 1967 formae
1599 1903 1699 1966 vel
1734 1925 1881 1966 ova-

510 2000 583 2062 lis
618 2000 717 2062 vel
754 1998 1091 2087 sphaericae,
1129 2001 1193 2063 ὃς
1238 1995 1301 2061 se
1343 1994 1511 2085 poffe
1546 1996 1629 2059 fic
1665 2011 1881 2061 totum

510 2094 700 2157 illum
747 2094 973 2157 orbem
1023 2107 1440 2177 terraqueum
1491 2091 1877 2156 circumire:

511 2188 595 2250 fic
651 2187 886 2275 posteri
936 2185 1311 2249 eruditiores
1362 2183 1729 2274 parentibus
1787 2186 1882 2248 in-

512 2297 843 2358 venerant,
881 2281 1056 2367 quod
1092 2280 1204 2367 ipsi
1240 2302 1356 2367 pro
1391 2279 1619 2367 ignoto
1654 2277 1882 2368 posue-

511 2390 655 2439 rant
678 2378 740 2440 &
766 2374 1179 2461 reliquerant,
1206 2376 1269 2438 δε
1292 2374 1376 2437 fic
1403 2371 1882 2479 simplicitatem

513 2491 784 2532 avorum
818 2467 1103 2531 riserant.
1187 2468 1264 2530 In
1299 2466 1680 2531 anatomicis
1712 2466 1883 2531 fimi-

511 2564 656 2627 liter
680 2577 1059 2652 putaverant
1082 2562 1463 2649 antiquitus,
1490 2561 1717 2648 ignoto
1746 2583 1884 2624 mo-

513 2658 596 2721 do
646 2656 942 2721 membra
991 2658 1274 2743 corporis
1333 2656 1604 2732 moveri,
1658 2678 1883 2718 aurem

512 2754 739 2841 ignoto
788 2749 987 2813 modo
1038 2748 1278 2826 audire,
1332 2753 1396 2815 ὅς
1445 2747 1681 2812 sonum
1731 2771 1883 2812 con-

515 2846 779 2910 fistere
763 2868 830 2908 1n
873 2844 1014 2932 ipfis
1064 2845 1319 2930 organis
1369 2844 1641 2920 audituS‚
1685 2845 1749 2908 δε
1791 2841 1882 2905 vi-

514 2938 658 3004 sum
693 2942 759 3004 in
797 2938 1051 3027 organis
1086 2938 1366 3002 externis
1404 2934 1612 3013 visus;
1666 2958 1883 2999 recen-

1694 3045 1885 3093 tlores
