2080 3424
435 247 505 313 &³
536 247 718 334 caustz
728 246 928 334 finali
952 247 1291 315 creationis.
1456 267 1543 337 77

184 387 296 462 viS,
330 384 445 473 qui
494 383 640 448 ideo
687 398 822 448 tam
874 383 1094 448 multis
1144 384 1210 446 in
1245 384 1399 448 locis
1431 408 1545 473 per

185 477 461 543 cochleae
481 478 784 542 interiora
801 475 863 541 se
884 475 1302 566 dispandunt3
1339 478 1544 566 fitque

183 573 394 636 omnis
425 587 641 635 motus
662 593 740 635 eo
763 568 1138 648 senfibilior,
1162 593 1372 660 quum
1407 572 1543 635 fila-

183 682 403 730 menta
430 688 777 729 nervorum
804 664 1140 729 cochleam
1162 687 1543 753 percurren-

182 761 271 825 tia
308 758 660 823 secundum
709 759 1189 847 longitudinem
1239 758 1373 846 ejus
1421 757 1543 823 ser-

183 868 362 943 pant,
398 857 462 919 &
495 852 764 941 quidem
798 850 1013 918 versus
1058 852 1403 918 fenestram
1438 875 1543 916 ro-

182 947 475 1022 tundam,
498 948 668 1011 circa
688 970 887 1036 quam
910 944 1040 1036 ipse
1068 969 1298 1010 nervus
1320 947 1539 1025 intrat,

184 1041 342 1105 adeo
377 1057 448 1106 ut
497 1055 738 1106 tremor
790 1041 1120 1106 filamenta
1153 1038 1431 1147 'sequens
1477 1042 1544 1104 in

184 1135 547 1200 craffiorem
601 1139 665 1201 ὅτ,
710 1135 1074 1199 craffiorem
1115 1135 1248 1224 ejus
1294 1151 1544 1223 partem

184 1227 246 1293 se
280 1229 573 1294 conferre
613 1229 925 1306 videatur,
963 1244 1035 1293 ut
1069 1253 1145 1294 eo
1191 1228 1546 1292 distinffius

185 1326 248 1388 &
280 1321 632 1388 senfibilius
666 1347 778 1412 per
810 1339 1023 1388 totum
1058 1345 1329 1388 nervum
1364 1322 1547 1387 audi-

185 1418 426 1481 torium
463 1433 768 1507 exceptus
802 1416 1142 1484 deferatur.

280 1606 418 1669 Hic
452 1606 689 1670 iterum
717 1605 913 1684 videS,
949 1606 1152 1694 qualis
1187 1606 1260 1670 fit
1293 1604 1549 1669 mecha-

187 1697 431 1764 nismus
467 1716 727 1776 naturae,
752 1714 825 1763 ut
858 1700 1057 1763 modo
1084 1715 1323 1764 tremor
1354 1700 1421 1762 in
1450 1723 1549 1763 ae-

184 1816 251 1857 re
286 1792 609 1858 deferatur
640 1791 850 1857 versus
883 1795 1206 1871 interiora,
1245 1795 1380 1858 imo
1414 1816 1551 1857 ver-

186 1884 288 1952 sus
322 1885 523 1977 ipsam
553 1887 860 1965 animam,
886 1889 930 1951 fi
952 1887 1262 1952 rationale
1287 1887 1446 1976 quid
1481 1889 1548 1951 in

185 1979 344 2046 sono
370 1982 464 2059 fit,
491 1981 671 2071 quod
702 2004 815 2071 per
849 1982 1322 2046 articulationes
1348 1984 1412 2047 δε
1438 2004 1549 2044 vo-

186 2098 286 2140 ces
320 2075 415 2150 fit,
452 2079 514 2140 δε
546 2075 695 2140 dein
735 2099 848 2164 per
880 2098 1104 2140 earum
1140 2075 1552 2164 compofitio-

189 2192 298 2234 nes
332 2169 520 2234 altius
555 2172 617 2234 &
650 2171 835 2234 altius
864 2197 880 2246 ;
933 2169 1041 2234 hic
1063 2170 1235 2234 vides
1258 2193 1390 2234 non
1414 2192 1552 2233 mo-

187 2264 271 2326 do
307 2261 870 2342 Mechanismum,
907 2262 1011 2328 sed
1052 2266 1247 2329 etiam
1282 2280 1378 2328 tot
1419 2263 1554 2351 ejus

187 2374 390 2445 partes
412 2358 488 2422 ad
513 2382 721 2422 unum
744 2358 1159 2447 eundemque
1183 2358 1382 2422 finem
1410 2373 1553 2421 ten-

189 2450 431 2532 dentes,
485 2467 556 2516 ut
625 2452 842 2517 audiat
907 2452 1131 2530 home,
1185 2468 1257 2516 ut
1308 2451 1553 2516 delitias

191 2545 423 2609 mundi
454 2568 610 2610 cum
644 2548 889 2611 ratione
923 2547 1251 2636 percipiat,
1289 2562 1360 2610 ut
1406 2547 1554 2610 inde

189 2636 368 2717 sciat,
406 2640 582 2727 quod
615 2663 744 2729 qua
783 2641 1069 2705 animam
1120 2641 1318 2720 vivat,
1355 2657 1426 2704 ut
1472 2641 1555 2704 fic

193 2731 459 2796 miscere
492 2731 644 2798 sciat
677 2735 923 2799 delitias
957 2735 1190 2798 mundi
1223 2758 1372 2798 cum
1402 2733 1556 2797 deli-

193 2827 294 2890 tiis
330 2827 581 2903 animae‚
616 2830 679 2892 &
729 2829 959 2893 anirnae
1004 2853 1157 2894 cum
1198 2829 1428 2892 delitiis
1475 2851 1556 2891 ex

195 2920 444 2984 mundo
467 2920 679 2985 adhuc
700 2920 1020 2987 subtiliori
1047 2951 1061 3001 ;
1110 2923 1372 2986 tandem
1401 2944 1553 2985 cum

1384 3017 1554 3089 De0,
