2080 3424
521 216 650 301 256
801 214 958 302 Cap.
996 214 1092 279 II.
1132 214 1233 277 De
1264 211 1651 297 mechanisma

515 349 694 438 ganis
728 349 1019 437 primum
1054 349 1333 438 incepti3
1406 350 1562 412 adeo
1588 363 1671 413 'ut
1704 349 1886 412 diecae

517 442 930 519 membranae‚
972 439 1160 531 super
1208 465 1366 531 quas
1407 458 1713 507 tremores
1745 466 1885 532 pos-

516 538 637 601 fint
660 536 835 624 quasi
859 537 1334 600 elementariter
1357 537 1578 615 fluere,
1603 537 1724 600 fint
1747 560 1885 600 mo-

515 633 599 694 do
640 653 880 717 organa
930 632 1098 693 inter
1147 628 1360 694 sensus
1405 647 1703 695 externos
1744 654 1883 695 cor-

511 726 681 813 poris
715 727 778 789 &
813 725 1081 801 animae;
1138 725 1268 788 fine
1303 725 1528 788 mediis
1563 725 1684 789 illis
1716 723 1885 789 foret

505 820 730 883 anima
765 818 1064 882 destituta
1089 815 1200 882 sua
1229 819 1292 882 vi
1317 822 1381 884 &
1404 818 1707 883 facultate
1734 842 1882 908 ope-

512 913 716 988 randi,
753 911 1051 975 destituta
1095 908 1411 975 sentiendi
1452 912 1583 990 illa,
1630 936 1773 1002 quae
1813 914 1881 977 in

512 1005 909 1070 craffioribus
942 1021 1343 1094 peraguntur
1372 1032 1387 1082 ;
1459 1005 1757 1070 destituta
1791 1006 1880 1071 fa-

511 1101 751 1164 cultate
787 1122 916 1163 una
950 1122 1105 1163 cum
1127 1123 1392 1188 corpore
1420 1099 1748 1189 operandi,
1777 1101 1882 1165 de-

509 1193 728 1258 stituta
762 1195 829 1257 in
866 1208 1126 1257 motum
1159 1195 1368 1257 ciendi
1402 1193 1632 1258 similia
1662 1197 1727 1260 &
1754 1193 1880 1259 hoc

509 1288 866 1352 distinetius
898 1287 1387 1364 &distine'sius3
1465 1288 1660 1352 verbo
1713 1287 1881 1354 foret

510 1383 728 1446 anima
763 1383 893 1446 fine
927 1405 1217 1472 corpore,
1245 1384 1309 1447 &
1331 1405 1561 1471 corpus
1589 1383 1717 1446 fine
1746 1384 1878 1446 ani-

508 1499 617 1540 ma
643 1474 921 1540 senfibili
949 1477 1017 1539 in
1052 1499 1356 1565 corpore:
1413 1477 1452 1540 fi
1483 1473 1627 1565 ipsae
1649 1478 1876 1542 mediae

508 1569 904 1634 membranae
957 1571 1328 1635 amitterent
1380 1569 1482 1634 vel
1531 1567 1721 1633 suum
1770 1595 1878 1636 ne-

507 1687 693 1741 xum,
726 1665 826 1729 vel
860 1679 1094 1729 tonum
1129 1664 1231 1729 vel
1275 1666 1659 1744 tenfionem,
1697 1665 1874 1730 illico

506 1758 665 1848 quid
703 1758 998 1822 diffimile
1032 1773 1256 1823 contra
1293 1757 1482 1823 usum
1517 1762 1580 1824 &
1614 1759 1873 1824 cultum

507 1851 1065 1943 repraesentaretur
1084 1853 1342 1930 animae3
1379 1876 1875 1942 quumqueope-

505 1949 629 2011 rari
682 1947 932 2035 incipit,
987 1970 1100 2036 per
1151 1949 1408 2011 turbam
1469 1946 1872 2010 diffimilium

501 2042 753 2130 operari
788 2042 1000 2115 debet,
1039 2040 1196 2104 adeo
1233 2056 1304 2105 ut
1357 2039 1522 2106 nihil
1558 2041 1870 2105 rationale

503 2135 762 2224 prodire
802 2135 1028 2223 poffit3
1101 2135 1272 2198 unde
1317 2157 1514 2197 omne
1564 2134 1872 2198 rationale

504 2253 638 2293 non
674 2227 762 2292 est
797 2228 990 2292 solius
1026 2229 1281 2306 animae,
1318 2225 1425 2291 sed
1475 2229 1671 2292 etiam
1717 2228 1869 2292 reli-

502 2345 781 2412 quarum
817 2323 1098 2410 partium
1146 2323 1213 2385 in
1250 2345 1424 2385 nexu
1460 2325 1524 2388 ὅς
1558 2323 1872 2412 contiguo

502 2440 537 2480 a
571 2414 849 2480 senfibus
886 2413 1087 2504 usque
1121 2415 1199 2479 ad
1234 2417 1542 2480 animam.

592 2608 672 2670 In
697 2603 1199 2669 animaomnino
1221 2601 1311 2668 est
1331 2618 1631 2669 centrum
1660 2603 1869 2668 omni-

500 2724 616 2763 um
651 2699 977 2763 dierorum
1024 2712 1411 2776 tremorum,
1450 2698 1537 2762 est
1583 2697 1869 2762 affiviffi-

498 2817 687 2857 mum
724 2791 882 2881 quid
915 2793 978 2856 &
1010 2789 1266 2855 summe
1303 2793 1773 2878 geometricum
1803 2795 1866 2856 &

497 2887 982 2963 mechanicum,
1039 2886 1152 2950 ubi
1204 2908 1429 2951 omnes
1483 2901 1700 2950 motus
1758 2902 1867 2949 aut

1628 2995 1868 3044 tremo—
