2080 3424
481 261 602 345 148
804 263 957 351 Cap.
997 265 1051 327 I.
1096 262 1192 326 De
1230 262 1475 350 Infinito

473 419 507 458 a
529 393 652 459 fide
675 396 1116 484 unigenitum,
1143 419 1275 460 non
1299 395 1660 485 distinguit,
1684 395 1839 484 quia

475 512 607 552 non
657 489 1052 578 distinguere
1095 489 1321 579 potest,
1366 514 1484 554 nec
1530 488 1839 578 distingui

472 582 729 672 poffunt
762 582 1044 672 personae
1085 586 1152 647 in
1191 583 1317 648 fide
1364 608 1491 673 qua
1536 584 1840 647 divinita-

474 693 608 740 tem
636 680 699 743 &
720 678 1144 755 infinitatem3
1194 678 1366 742 unde
1395 681 1437 743 fi
1466 678 1839 767 {impliciter

474 771 707 858 poffint
743 771 999 835 credere
1026 772 1092 834 in
1123 774 1347 836 Deum
1374 775 1438 838 &
1465 772 1836 847 Infinitum,

474 881 632 928 tunc
657 866 1029 953 fimpliciter
1051 865 1397 930 includunt
1419 888 1616 930 omne
1647 865 1836 944 illud,

474 958 652 1046 quod
686 959 1019 1022 infinitum
1056 958 1145 1022 est
1179 960 1245 1022 in
1294 961 1461 1037 Deo,
1496 962 1560 1025 &
1604 960 1842 1048 pariter

476 1052 605 1129 illa,
633 1076 774 1141 quae
811 1051 1129 1127 nesciunt,
1166 1056 1229 1118 ὃς
1263 1054 1415 1141 quia
1449 1054 1515 1116 in
1552 1051 1682 1141 ipsa
1717 1052 1841 1117 fide

475 1145 566 1209 est
591 1146 890 1211 divinum
914 1146 1094 1236 quid,
1125 1170 1257 1211 non
1286 1146 1490 1236 potest
1518 1147 1583 1210 in
1607 1146 1711 1210 illa
1743 1143 1840 1210 se-

474 1242 681 1329 parari
710 1265 920 1305 unum
952 1241 1298 1305 Infinitum
1326 1241 1404 1305 ab
1433 1242 1652 1317 altem,
1675 1243 1738 1305 &
1759 1240 1843 1303 fic

477 1335 629 1423 quia
663 1335 988 1424 ignorant,
1019 1358 1138 1399 nec
1173 1337 1239 1399 in
1268 1335 1394 1399 hoc
1427 1336 1672 1424 puncto
1708 1333 1844 1397 dari

476 1427 683 1517 potest
711 1431 1090 1517 negativum
1115 1429 1299 1518 quid,
1324 1430 1472 1517 quia
1505 1430 1546 1493 fi
1570 1427 1845 1492 credunt

482 1521 852 1602 Infinitum,
892 1522 1461 1612 comprehendunt
1514 1545 1710 1587 omne
1755 1521 1842 1597 id,

479 1616 657 1704 quod
684 1618 750 1682 in
780 1617 1050 1681 Infinito
1077 1618 1202 1683 est:
1253 1614 1358 1681 sed
1385 1633 1603 1681 tamen
1641 1613 1843 1704 usque

482 1733 614 1774 non
650 1711 906 1799 poffunt
939 1711 1272 1800 participes
1315 1711 1451 1775 fieri
1495 1710 1702 1774 finalis
1746 1709 1844 1785 di-

479 1804 634 1881 vini,
675 1828 792 1869 nec
827 1806 1108 1883 credere,
1147 1828 1266 1870 nec
1300 1802 1550 1883 salvari,
1581 1804 1696 1868 nifi
1730 1826 1845 1892 per

482 1921 729 1962 nexum
765 1899 954 1963 illum
982 1900 1342 1973 infinitum,
1369 1922 1522 1963 nam
1551 1898 1728 1962 nulla
1755 1893 1844 1960 sa-

480 1992 578 2056 lus
605 1992 694 2056 est
725 1993 853 2056 fine
882 1994 1027 2069 illo;
1078 1993 1397 2080 hincjam
1425 1993 1616 2056 unice
1651 1989 1845 2054 resul-

481 2100 571 2149 tat
605 2087 892 2174 quaestiO,
922 2109 1002 2150 an
1035 2085 1240 2150 finalis
1274 2087 1476 2150 divini
1509 2085 1846 2174 participes

482 2177 711 2243 fiamus
737 2203 848 2268 per
882 2181 1236 2244 adventum
1263 2181 1418 2267 ejuS,
1444 2179 1569 2243 hoc
1596 2179 1705 2256 est,
1736 2201 1846 2267 per

484 2272 918 2337 induitionem
952 2272 1176 2337 formae
1210 2273 1473 2337 effectus
1505 2273 1743 2349 ultimi,
1775 2289 1848 2336 ut

484 2366 675 2429 illum
729 2390 883 2430 cum
940 2368 1207 2431 Infinito
1252 2368 1708 2432 connecteret?
1764 2390 1845 2430 an

484 2461 680 2523 etiam
747 2461 938 2525 fimul
994 2484 1107 2549 per
1172 2462 1470 2525 notitiam
1537 2462 1846 2525 adventus

484 2553 617 2639 ejus
641 2556 663 2618 ?
716 2555 907 2631 Dico,
925 2556 1041 2643 qui
1066 2554 1503 2622 nescierant&
1528 2552 1844 2631 nesciunt,

484 2646 626 2711 illos
662 2671 741 2711 ex
791 2649 920 2712 Dei
954 2650 1155 2736 gratia
1190 2651 1525 2738 participes
1559 2648 1698 2713 fieri
1729 2671 1846 2737 po-

482 2741 665 2805 tuiffe
694 2745 758 2807 &
785 2742 953 2830 poffe
980 2766 1092 2830 per
1114 2743 1463 2808 adventum
1487 2744 1539 2831 ej
1555 2766 1650 2820 us3
1695 2743 1845 2806 alias

481 2853 827 2923 poneretur
863 2835 1102 2925 aliquid
1140 2838 1206 2899 in
1245 2839 1416 2917 Deo,
1454 2837 1634 2926 quod
1677 2835 1735 2900 ei
1779 2839 1843 2903 δε

484 2929 662 2993 finali
695 2930 779 2994 eis
814 2953 1171 3019 repugnare
1214 2933 1574 3009 videretur3
1628 2945 1690 2994 at
1729 2931 1844 3017 qui

1650 3023 1839 3087 illum
