2080 3424
533 238 664 306 270
767 220 924 307 Cap.
969 220 1060 282 II.
1098 217 1204 283 De
1235 218 1620 306 mechan’ffmo
1654 220 1778 286 &c.

530 370 660 419 tur.
746 355 870 444 Ipfi
902 353 1255 420 Christiani
1287 355 1543 445 poffunt
1565 357 1774 422 adhuc
1799 357 1895 422 fe-

528 449 779 512 liciores
837 448 1036 526 reddi,
1087 450 1152 513 &
1195 452 1432 538 pariter
1488 450 1895 529 infeliciores,

530 565 683 605 nam
718 566 831 632 per
857 544 1158 607 notitiam
1194 545 1424 608 melius
1456 547 1792 634 praeparari
1817 546 1896 610 ad

526 635 726 699 fidem
775 636 1053 725 possunt,
1089 640 1153 702 &
1185 637 1263 701 ad
1298 638 1495 702 fidem
1543 640 1895 705 distinctio-

528 753 668 794 rem
694 732 758 795 &
782 730 1173 818 pleniorem3
1212 746 1274 795 at
1298 732 1414 819 qui
1448 734 1614 796 inter
1634 735 1777 799 illos
1798 735 1894 797 in-

527 822 742 888 felices
755 823 927 903 sunt,
943 823 1326 888 infeliciores
1349 823 1497 889 sunt
1519 828 1892 914 gentilibuS,

527 919 764 1006 quibus
800 918 978 981 nulla
1011 919 1152 982 talis
1187 919 1415 982 notitia
1456 920 1743 985 conceffa
1778 921 1887 985 est.

526 1013 707 1076 Inter
735 1010 1133 1076 Christianos
1159 1009 1307 1076 sunt
1332 1012 1488 1101 legis
1523 1014 1756 1079 divinae
1783 1039 1895 1104 pe-

525 1106 653 1183 riti,
670 1105 976 1170 antistites
1001 1109 1065 1172 &
1092 1106 1381 1170 doctores
1409 1106 1621 1171 adhuc
1647 1108 1895 1174 felicio-

525 1221 641 1276 res,
655 1196 760 1263 sed
783 1201 1019 1289 pariter
1045 1198 1455 1280 infelicioreS,
1482 1224 1632 1265 nam
1654 1203 1771 1291 qui
1797 1204 1894 1268 in·

524 1308 621 1356 ter
654 1294 795 1358 illos
821 1293 1106 1358 infelices
1128 1292 1297 1370 sunt,
1327 1293 1710 1360 infeliciores
1744 1295 1894 1362 sunt

526 1387 650 1451 illis
678 1411 757 1451 ex
786 1387 1119 1452 rudisfima
1140 1388 1328 1477 plebe
1358 1387 1748 1468 Christiana,
1777 1393 1893 1479 qui

524 1482 741 1546 minus
764 1483 948 1571 periti
972 1485 1035 1547 &
1054 1506 1168 1571 per
1186 1484 1485 1547 notitiam
1509 1485 1726 1548 minus
1747 1485 1892 1549 illu-

526 1575 697 1639 strati
731 1574 922 1641 sunt:
977 1577 1144 1640 inter
1189 1577 1425 1664 peritos
1469 1578 1627 1666 legis
1661 1578 1892 1643 divinae

520 1666 671 1734 sunt
699 1670 792 1734 illi
820 1669 1032 1734 adhuc
1058 1669 1395 1748 feliciores,
1421 1673 1535 1759 qui
1562 1673 1891 1737 revelatio-

524 1765 590 1827 ni
624 1765 744 1828 rite
770 1764 1120 1853 adjungere
1147 1762 1359 1828 sciunt
1380 1765 1720 1844 rationem,
1744 1769 1893 1855 qui-

522 1882 649 1946 que
673 1858 751 1922 ab
775 1875 1046 1946 utraque
1068 1859 1134 1922 in
1159 1860 1456 1923 notitiam
1486 1882 1703 1923 rerum
1728 1861 1803 1924 ad
1818 1860 1890 1925 fi-

520 1952 671 2016 dem
694 1951 1077 2017 ducentium
1099 1953 1318 2016 venire
1338 1952 1614 2042 poffunt,
1630 1953 1756 2017 hoc
1776 1954 1888 2033 est,

519 2044 891 2136 philosophi
923 2046 1318 2124 Christiani3
1372 2048 1490 2134 qui
1525 2047 1564 2110 fi
1597 2046 1887 2113 infelices

519 2138 693 2215 sunt,
729 2140 942 2205 adhuc
975 2138 1359 2204 infeliciores
1403 2137 1553 2204 sunt
1592 2141 1736 2218 illis,
1772 2145 1887 2232 qui

520 2235 694 2298 nude
728 2258 809 2298 ex
844 2233 1232 2298 revelatione
1282 2235 1470 2323 periti
1505 2233 1657 2298 facti
1691 2233 1840 2300 sunt
1870 2263 1884 2302 :

519 2351 674 2392 nam
725 2351 858 2416 quo
902 2329 1044 2416 plus
1079 2328 1322 2391 notitiae
1354 2327 1627 2416 possidet
1660 2328 1885 2408 hom0,

520 2444 597 2485 eo
628 2422 813 2512 plura
844 2420 1013 2497 sunt,
1043 2444 1184 2509 quae
1218 2421 1411 2486 illum
1447 2421 1708 2486 felicem
1742 2422 1889 2513 pos-

516 2514 667 2581 sunt
689 2515 1138 2592 reddere,&eo
1151 2515 1335 2604 plura
1362 2538 1504 2604 quae
1525 2515 1883 2584 infelicem:

517 2608 988 2699 consequenter
1013 2607 1439 2698 philosophus
1468 2609 1878 2676 Christianus

561 2705 731 2768 inter
774 2704 1072 2767 mortales
1117 2702 1515 2767 felicissimus
1547 2704 1668 2767 effe
1701 2722 1839 2794 pot-

693 2797 806 2873 est,
844 2801 906 2862 δε
939 2798 1175 2886 pariter
1209 2796 1700 2862 infelicissimus

999 2933 1390 2999 FINIs

899 3065 992 3158 ’ἓὲἒ
1042 3067 1123 3156 )=(
1197 3091 1237 3133 0
1319 3065 1498 3157 )=(}{÷
