2080 3424
314 274 670 364 operationis
700 273 921 339 animae
957 272 1027 337 δέ’
1060 273 1342 362 corporis.
1447 295 1519 339 21
1540 295 1575 361 5

220 407 335 475 suo
368 411 698 500 contigue,
724 409 803 474 ab
831 432 960 473 una
992 424 1168 497 parte
1201 409 1265 472 in
1303 406 1581 474 senfibus

218 506 519 580 externis,
546 505 624 568 ab
654 504 847 568 altera
873 504 941 567 in
969 502 1202 580 anima,
1227 501 1353 566 hoc
1387 505 1581 567 unice

217 597 370 662 facit
414 598 592 687 quod
636 598 810 662 vivat
852 595 1096 672 homo;
1148 597 1470 660 connexio
1504 597 1581 660 fi-

218 692 406 755 nium
428 694 597 756 intra
611 689 890 780 spatium
903 687 1298 754 senfibilium
1311 712 1425 778 per
1438 713 1581 754 mo-

219 801 389 863 tum,
425 783 579 850 facit
622 784 846 866 vivum
887 784 1070 860 illud,
1105 786 1169 849 δε
1213 783 1278 846 in
1320 798 1580 847 tantum

212 879 459 956 vivum,
494 893 818 968 quantum
851 901 932 942 ex
966 876 1200 941 finibus
1235 874 1436 966 spatio
1485 877 1582 940 illi

215 971 343 1036 dici
375 973 562 1061 poffit
585 970 705 1036 effe
731 969 1078 1050 inclusum,
1104 969 1213 1036 seu
1242 971 1408 1035 intra
1442 969 1580 1059 spa-

214 1066 383 1130 tium
418 1065 580 1131 illud
605 1066 1068 1142 terminatum3
1121 1066 1165 1129 fi
1200 1066 1409 1130 multa
1440 1088 1579 1154 pars

212 1158 356 1225 finis
389 1159 594 1249 potest
635 1160 763 1224 dici
806 1157 1051 1224 inclusa
1096 1159 1191 1223 illi
1231 1157 1454 1248 spati0,
1489 1159 1579 1223 est

215 1255 410 1318 etiam
446 1254 734 1319 multum
769 1255 932 1330 vitae,
968 1254 1011 1318 fi
1045 1276 1296 1343 parum,
1333 1255 1453 1317 erit
1485 1268 1580 1318 et-

215 1348 345 1412 iam
380 1371 609 1437 parum
646 1349 809 1425 vitae,
830 1345 1164 1436 suppofitis
1190 1362 1407 1412 tamen
1441 1370 1580 1411 me-

215 1441 332 1506 diis
364 1442 628 1530 integris
673 1465 792 1506 nec
834 1441 1052 1530 aliquo
1097 1440 1294 1506 modo
1335 1442 1576 1530 ruptis;

213 1558 477 1624 quoque
510 1537 768 1624 longior
801 1533 985 1600 series
1019 1535 1336 1624 contigui,
1372 1558 1449 1599 eo
1482 1536 1579 1599 vi-

217 1645 281 1693 ta
316 1629 709 1706 distinction
763 1628 968 1716 majus
1005 1632 1070 1696 δε
1115 1631 1328 1693 minus
1382 1629 1579 1694 etiam

213 1722 374 1812 quid
400 1723 754 1788 contribuit
778 1749 795 1800 ;
848 1720 952 1787 sed
981 1724 1058 1787 de
1085 1723 1180 1788 his
1210 1723 1486 1813 amplius
1511 1723 1579 1787 in

214 1815 755 1882 demonstratione
795 1814 1069 1905 speciali.
1170 1819 1347 1905 Ergo
1379 1839 1581 1906 pona-

216 1933 362 1975 mus
375 1910 539 1999 jam,
563 1911 718 1975 fines
744 1912 812 1975 in
840 1910 1111 1975 homine
1137 1909 1473 1975 confistere
1500 1911 1579 1976 ab

216 2027 347 2069 una
365 2021 543 2094 parte
567 2006 635 2069 in
658 2001 937 2070 senfibus
964 2006 1242 2069 externis
1269 2005 1394 2068 five
1415 2005 1481 2068 in
1503 2005 1580 2069 il-

214 2097 431 2163 lorum
453 2100 728 2188 organiS,
748 2099 826 2162 ab
849 2099 1044 2163 altera
1065 2099 1131 2162 in
1156 2099 1394 2176 anima,
1421 2113 1580 2164 tunc

216 2190 348 2255 duo
380 2190 528 2257 sunt
555 2193 711 2257 fines
739 2218 755 2270 ;
807 2194 870 2257 &
895 2193 1334 2282 quodcunque
1362 2193 1444 2256 fic
1471 2216 1579 2257 ve-

218 2284 314 2348 nit
347 2286 423 2349 ad
458 2287 764 2363 animam,
799 2302 1112 2375 tanquam
1152 2287 1231 2351 ad
1265 2286 1579 2352 ultimum

216 2378 418 2442 finem
439 2381 692 2470 corpori
713 2378 1038 2445 inclusum
1063 2382 1186 2445 five
1214 2381 1578 2469 alligatum,

219 2469 546 2537 subfistere
598 2474 825 2552 debet;
880 2477 945 2540 &
998 2473 1438 2564 quodcunque
1491 2475 1584 2539 ibi

219 2562 515 2643 subfistit,
570 2566 695 2632 hoc
745 2567 951 2657 potest
1002 2569 1206 2632 homo
1258 2570 1583 2658 percipere

220 2660 389 2723 intra
433 2658 710 2748 spatium
752 2660 944 2727 suum
990 2663 1251 2727 vivum:
1306 2662 1464 2726 adeo
1511 2677 1584 2726 ut

222 2753 306 2816 fic
340 2752 406 2816 in
442 2754 657 2819 anima
683 2755 756 2819 fit
779 2771 1080 2820 centrum
1106 2756 1408 2819 omnium
1441 2778 1585 2839 per-

219 2847 622 2935 ceptionum,
670 2864 871 2938 utque
915 2850 1139 2913 omnia
1185 2850 1268 2913 fic
1318 2849 1395 2912 ad
1447 2850 1585 2913 ani-

836 2943 897 3006 O
937 2964 980 3026 4
1403 2965 1582 3007 mam
