2132 3432
484 284 565 345 14
828 265 980 354 Cap.
1017 267 1071 330 I.
1113 267 1214 331 De
1246 268 1491 355 Infinito

470 399 531 462 le
565 399 660 463 fit.
731 401 912 465 Nam
936 425 1116 468 mens
1150 403 1441 472 humana
1467 407 1511 471 fi
1541 430 1671 472 non
1707 409 1837 473 im-

470 493 684 582 pedita
707 497 772 560 &
805 497 972 561 curis
999 496 1278 563 districta
1312 501 1405 577 fit,
1444 501 1631 567 altius
1665 501 1835 567 sem-

468 610 580 675 per
616 588 707 652 ire
741 605 950 666 amat3
1001 594 1065 656 &
1099 615 1232 680 quo
1259 593 1582 659 difficilior
1609 596 1836 674 nodus,

469 704 546 744 eo
579 681 885 747 libentius
909 708 924 759 ;
979 708 1132 749 nam
1156 703 1385 775 negata
1411 692 1476 754 &
1503 691 1696 755 vetita
1717 714 1836 755 cu-

466 775 579 862 pit,
633 779 698 842 &
732 801 960 842 arcana
1005 777 1163 843 scire
1198 797 1360 858 avet,
1395 785 1459 847 &
1493 784 1559 846 in
1594 785 1832 848 diffici-

465 870 735 935 lioribus
775 872 1050 960 gloriam
1100 875 1326 962 ponit:
1381 878 1444 941 &
1494 877 1666 956 dein,
1702 902 1836 967 quo

465 963 705 1028 diutius
761 967 820 1029 ei
871 965 1156 1044 inhaeret,
1205 969 1406 1034 modo
1459 972 1704 1060 aliquid
1757 972 1835 1038 ad

462 1057 929 1145 perfectionem
973 1061 1277 1127 accedens
1321 1062 1616 1153 detegere
1664 1065 1834 1154 poffe

463 1149 693 1240 sperat,
731 1177 808 1217 eo
842 1156 1137 1244 cupidius
1166 1159 1231 1222 δε
1264 1158 1614 1246 impenfius
1642 1188 1655 1224 :
1710 1183 1828 1224 vo-

461 1246 671 1335 luptas
706 1247 813 1312 illa
860 1246 922 1312 se
960 1252 1162 1315 nutrit
1195 1253 1258 1316 δε
1294 1251 1429 1330 alit,
1467 1254 1530 1316 &
1577 1276 1832 1318 moram

462 1342 662 1404 nectit
697 1343 926 1406 animae
951 1343 1288 1420 laboranti,
1321 1347 1385 1411 Sc
1417 1347 1500 1410 fic
1527 1347 1593 1409 in
1628 1363 1833 1436 partes

461 1435 642 1499 illam
667 1435 980 1514 demittit3
1018 1438 1217 1502 &hoc
1239 1439 1510 1516 tamdiu,
1536 1441 1695 1504 dum
1723 1442 1829 1506 in-

460 1531 728 1606 venerit,
782 1530 958 1619 quod
1011 1532 1359 1620 quaefierat,
1415 1535 1515 1599 vel
1566 1533 1832 1624 fatigata

460 1639 533 1687 ut
566 1622 965 1690 irresolubile
998 1624 1251 1714 prorsus
1280 1627 1643 1717 relinquere
1677 1653 1827 1694 coa-

460 1718 560 1780 Cta
594 1717 688 1794 fit,
717 1718 894 1806 quod
929 1721 1012 1784 fic
1047 1735 1267 1784 tamen
1295 1744 1427 1785 non
1464 1723 1594 1787 fine
1629 1723 1830 1789 dubio

458 1811 742 1900 relinqui
771 1813 996 1902 potest.

213 1923 438 1986 Quodge-
555 1906 877 1994 Sapientia
910 1907 1200 1972 humana
1242 1932 1375 1996 quo
1411 1910 1597 1974 altius
1649 1909 1712 1975 se
1761 1912 1828 1976 in

144 1993 340 2038 malim
460 1999 948 2087 inquifitionem
983 2000 1253 2066 effentiae
1293 2002 1522 2066 divinae
1557 2020 1667 2068 aut
1710 2006 1827 2069 In-

130 2059 372 2188 ffillgussss
461 2093 654 2167 finiti,
685 2117 761 2157 eo
784 2094 968 2159 altius
995 2092 1057 2158 se
1083 2096 1259 2183 quafi
1289 2097 1354 2159 in
1380 2095 1826 2184 labyrinthum

151 2193 317 2271 Inſjaiti
342 2195 397 2244 ἐς
459 2186 778 2252 immittit.
797 2189 1029 2276 Sitjam
1045 2189 1463 2255 INFINITUM
1482 2192 1826 2270 nodusille,

130 2260 261 2322 fimtz.
457 2304 654 2368 quem
667 2280 1089 2371 philosophus
1103 2280 1344 2347 solvere
1363 2283 1576 2372 gestit3
1614 2310 1827 2375 quum

456 2398 534 2438 eo
571 2373 772 2464 usque
802 2378 1185 2464 pervenerit,
1215 2393 1286 2441 ut
1317 2378 1577 2467 incipiat
1603 2381 1825 2468 inqui-

454 2491 613 2545 rere,
649 2471 842 2557 quale
877 2471 949 2534 fit
979 2470 1351 2549 Infinitum,
1388 2471 1602 2538 statim
1653 2475 1827 2538 acuit

454 2578 772 2641 mentem,
808 2566 872 2629 δε
918 2562 1199 2629 consulit
1244 2589 1514 2630 omnem
1563 2569 1825 2632 rationis

454 2655 714 2734 sortem,
740 2659 802 2721 &
823 2681 903 2721 ex
927 2658 1071 2736 illis,
1086 2682 1227 2746 quae
1249 2656 1597 2725 scientifice
1618 2662 1823 2726 inhae-

455 2765 618 2826 rent,
643 2751 893 2840 colligit
921 2751 1099 2817 mille
1122 2770 1528 2841 argumenta,
1555 2754 1662 2819 sed
1682 2779 1826 2845 quae

453 2844 746 2934 primum
794 2847 956 2934 petit
1002 2870 1036 2911 a
1084 2845 1304 2922 finitis,
1353 2871 1504 2911 nam
1556 2850 1634 2913 ab
1690 2850 1824 2914 aliis

453 2954 668 3028 petere
721 2940 970 3028 nequit,
1021 2963 1231 3030 quum
1280 2943 1542 3007 rationis
1591 2966 1823 3008 oracu-

1682 3037 1825 3102 lum
