2080 3424
480 277 613 343 230
747 258 900 346 Cap.
938 259 1031 323 II.
1067 259 1171 323 De
1201 258 1580 348 mechanismo

478 392 634 456 fitne
683 393 921 482 posfint
977 392 1204 473 facere,
1266 419 1476 485 quum
1530 396 1873 460 elementi.

476 486 786 552 crasfioris
819 487 1130 552 volumen
1163 488 1354 555 faciat
1393 491 1591 554 modo
1623 513 1835 555 unum

478 582 542 644 ὅς
561 581 672 644 vix
694 595 828 644 tam
849 580 1253 660 distin&um;
1305 585 1618 672 praecipue
1638 585 1834 648 etiam

479 673 524 737 fi
570 674 899 740 elasticitas
948 676 1014 738 in
1066 677 1424 742 minoribus
1473 679 1547 743 fit
1581 678 1832 755 melior,

476 769 700 855 purior
744 771 806 834 &-
858 768 1214 856 perfession
1263 771 1419 835 adeo
1477 786 1549 835 ut
1597 772 1664 835 in
1713 771 1835 834 illis

476 861 551 924 fit
586 863 760 950 quasi
793 863 1200 951 primitivum
1227 866 1290 929 &
1322 865 1612 954 primum
1631 863 1834 930 elasti-

475 970 697 1022 cltat18.

572 1142 638 1205 Si
665 1165 818 1231 ergo
851 1143 927 1207 fit
959 1145 1345 1233 contiguum
1381 1146 1684 1209 omnium
1710 1145 1834 1209 ele-

477 1251 876 1314 mentorum,
920 1235 1209 1326 sequitur
1248 1237 1418 1314 inde,
1459 1238 1637 1326 quod
1681 1239 1832 1302 nul-

476 1330 618 1393 lum
663 1331 1064 1395 elementum
1115 1332 1362 1396 moveri
1405 1332 1616 1420 posfit‚
1651 1332 1834 1420 cujus

478 1438 693 1487 motus
742 1446 873 1488 non
924 1426 1143 1514 aliquo
1178 1425 1376 1488 modo
1424 1423 1731 1490 sentiatur
1764 1427 1832 1490 in

476 1517 800 1582 elemento
827 1519 1026 1584 altero
1053 1545 1068 1595 ;
1123 1520 1165 1583 fi
1189 1519 1577 1608 contiguum
1614 1521 1711 1599 s1t,
1741 1522 1835 1584 ni-

475 1609 570 1674 hil
603 1612 807 1700 potest
841 1613 907 1676 in
932 1635 1061 1677 una
1083 1628 1254 1701 parte
1280 1613 1573 1702 contigui
1606 1613 1835 1678 existe-

474 1727 562 1783 re,
591 1705 767 1793 quod
801 1729 933 1769 non
967 1707 1033 1770 in
1069 1707 1287 1795 aliquo
1312 1707 1511 1771 modo
1543 1705 1832 1772 senfibile

473 1798 584 1863 fiat
617 1801 685 1862 in
721 1799 954 1877 altera3
1006 1800 1180 1889 quod
1225 1801 1292 1864 in
1326 1824 1460 1865 uno
1505 1801 1597 1878 fit,
1634 1798 1696 1864 se
1730 1823 1830 1864 re-

473 1889 598 1956 fert
637 1893 813 1957 illico
856 1917 968 1982 per
1000 1894 1389 1983 contiguum
1437 1893 1516 1958 ad
1560 1895 1830 1959 alterum

472 1984 710 2051 finem:
764 1987 830 2051 fi·
857 2004 1158 2052 movetur
1192 2011 1316 2064 aer,
1345 2011 1477 2052 non
1511 1988 1647 2051 fieri
1691 2003 1830 2077 pot-

474 2077 587 2158 est,
625 2081 784 2167 quin
836 2079 962 2144 hoc
1010 2078 1237 2144 sentiat
1265 2080 1480 2156 aether,
1515 2084 1578 2146 &
1610 2080 1832 2146 conse-

473 2189 747 2259 quenter
779 2173 1097 2238 elementa
1130 2171 1480 2250 subtiliora,
1519 2172 1719 2262 usque
1753 2176 1831 2240 ad

473 2265 779 2330 ultimum
815 2269 877 2331 δε
910 2268 1220 2355 primum,
1245 2268 1400 2331 adeo
1429 2285 1499 2332 ut
1534 2269 1607 2332 fit
1628 2291 1832 2333 nexus

474 2375 781 2423 motuum
813 2375 1006 2448 prout
1032 2361 1120 2424 est
1154 2384 1355 2425 nexus
1389 2363 1690 2450 partium,
1719 2361 1829 2426 seu

474 2476 678 2517 nexus
713 2453 1061 2517 modorum
1092 2470 1285 2543 prout
1317 2455 1405 2519 est
1440 2479 1642 2520 nexus
1675 2454 1827 2520 sub-

476 2545 886 2612 stantiarum:
941 2547 985 2610 fi
1029 2549 1246 2629 itaque
1282 2572 1385 2612 aer
1434 2551 1507 2614 fit
1545 2550 1829 2614 crasfisfi-

474 2664 664 2704 mum
721 2641 1141 2720 elementum,
1189 2645 1253 2708 δε
1306 2643 1552 2731 reliqua
1605 2643 1827 2706 ordine

474 2731 827 2809 subtiliora,
863 2737 927 2799 δε
961 2751 1176 2799 motus
1224 2737 1513 2825 inceptus
1557 2736 1624 2799 in
1659 2759 1826 2800 cras-

475 2828 639 2903 fiori,
675 2844 834 2891 tunc
867 2826 955 2890 est
999 2826 1395 2918 consequens
1434 2829 1828 2893 demonstra-

473 2922 706 2999 tivum,
740 2922 915 3009 quod
960 2937 1173 2987 motus
1224 2924 1533 2988 minimus
1571 2924 1640 2986 in
1685 2946 1827 2987 aere

1715 3016 1825 3080 fiat
