2080 3424
453 237 524 301 ἐξ
554 237 738 323 causa
747 236 947 324 finali
974 235 1313 301 creationtk.
1471 256 1559 324 79

202 374 524 462 genuinus
559 369 863 449 confistit,
902 394 1056 435 nam
1106 371 1369 436 illarum
1419 394 1566 436 cen-

200 484 379 531 trum
411 469 476 532 &
510 466 653 533 finis
687 488 820 528 non
855 465 945 529 est
986 466 1050 528 in
1089 480 1312 528 centro
1347 482 1458 529 aut
1493 469 1563 532 fi-

201 583 305 638 ne,
342 561 410 624 in
445 582 579 648 quo
613 561 873 636 anima3
926 559 1010 623 fic
1061 559 1105 622 fi
1140 558 1371 623 delitiae
1404 583 1565 625 verae

199 654 320 718 effe
371 653 665 731 debeant,
727 676 860 717 non
916 652 1174 741 poffunt
1231 654 1565 719 terminari

197 771 399 836 quam
434 748 500 811 in
537 748 826 823 Infinito,
863 747 931 810 in
975 768 1109 835 quo
1151 748 1430 811 termino
1475 749 1565 812 est

197 840 327 929 ipsa
379 842 668 930 voluptas
718 839 1202 930 perfectiffima:
1257 840 1334 904 ad
1383 842 1564 906 hunc

197 936 398 999 finem
453 935 598 999 dico
654 932 1024 1024 conspirant
1076 936 1299 998 omnia
1355 958 1561 1000 mem-

196 1029 332 1103 bra,
362 1030 758 1120 illorumque
786 1049 1015 1118 partes,
1044 1030 1328 1117 partium
1356 1045 1562 1117 partes

196 1124 570 1202 &minima,
595 1146 737 1213 quae
749 1123 832 1187 fic
854 1138 1168 1211 tanquam
1191 1123 1405 1187 media
1428 1148 1562 1188 me-

197 1217 586 1306 diorumque
652 1218 865 1281 media
941 1217 1220 1280 tendunt
1284 1239 1418 1281 non
1484 1219 1562 1283 ad

196 1313 399 1376 alium
434 1313 655 1388 finem,
691 1335 889 1400 quam
924 1311 1000 1374 ad
1035 1325 1251 1374 totum
1285 1314 1348 1376 ὅτ,
1384 1335 1562 1376 com-

197 1429 498 1484 munem,
544 1422 804 1495 propter
836 1427 1038 1494 quem
1080 1404 1282 1468 homo
1316 1422 1562 1472 creatus

196 1499 305 1577 est,
343 1504 407 1566 δε
440 1501 507 1563 in
544 1499 872 1563 mundum
905 1498 1332 1563 introductu&

291 1690 453 1752 Haec
479 1688 700 1752 omnia
709 1687 850 1775 jam
880 1709 1011 1750 non
1039 1702 1382 1775 potuerant
1408 1686 1555 1753 casu

196 1783 484 1860 existere,
537 1782 832 1869 quamvis
883 1781 1261 1846 naturaliter
1308 1782 1560 1848 exstite-

196 1878 326 1941 rint
349 1879 413 1942 &
433 1876 730 1954 existant,
759 1874 1053 1938 videmus
1080 1878 1258 1939 enim
1294 1877 1371 1940 ad
1407 1901 1559 1941 ocu-

195 1971 338 2035 lum
372 1971 586 2034 media
618 1969 946 2034 tendentia
974 1968 1050 2031 ad
1086 1993 1295 2033 unum
1333 1972 1557 2052 finem,

195 2065 489 2129 videmus
555 2061 943 2128 consensum
1010 2066 1074 2128 &
1147 2062 1559 2130 harmoniam

195 2160 525 2237 omnium,
561 2161 625 2223 ὅτ,
656 2158 972 2247 praecipue
1006 2157 1457 2238 minimarum,
1489 2176 1561 2225 ut

195 2254 372 2341 quafi
423 2254 493 2317 ad
549 2269 849 2316 centrum
900 2248 1093 2314 suum
1147 2253 1437 2333 tendant,
1494 2259 1558 2320 &

196 2347 373 2434 quod
421 2344 484 2411 se
521 2346 692 2411 nude
726 2343 1063 2434 respiciant
1113 2360 1186 2409 ut
1234 2349 1445 2413 media
1481 2350 1557 2413 ad

196 2441 395 2504 finem
418 2463 877 2547 communem3
930 2439 1106 2528 fique
1134 2439 1344 2505 adhuc
1372 2443 1558 2508 altius

196 2534 411 2598 eundo
444 2535 915 2624 perciperemus
948 2531 1304 2599 subtiliores
1352 2553 1560 2625 partes

196 2627 274 2691 ad
308 2626 497 2692 suum
531 2629 733 2693 finem
766 2625 1222 2716 conspirantes,
1259 2654 1400 2718 quae
1433 2629 1556 2696 sci-

195 2722 346 2786 licet
390 2722 693 2786 minimas
735 2736 941 2811 partes
985 2722 1052 2785 in
1102 2721 1373 2788 homine
1420 2749 1558 2789 mo-

194 2831 441 2894 verent,
477 2816 887 2880 videremus
872 2839 939 2879 m
987 2817 1059 2879 iis
1095 2815 1309 2880 nisum
1346 2818 1558 2884 adhuc

194 2907 638 3000 perfectiorem
685 2912 748 2975 ὅτ,
782 2911 1110 2999 puriorem
1153 2909 1230 2975 ad
1274 2913 1557 2977 eundem

1357 3006 1558 3070 finem
