2080 3424
347 241 706 336 operationis
737 242 956 308 animae
992 240 1062 307 &
1095 240 1378 332 corporis.
1484 239 1614 325 269

249 383 458 458 δίετες
518 402 651 444 non
702 400 857 441 vero
907 377 1209 466 patiatur,
1270 392 1342 440 ut
1390 398 1620 465 corpus

250 472 312 539 se
346 475 479 563 ejus
511 474 700 564 plane
726 471 1003 536 fimilem
1025 469 1246 534 reddat
1271 468 1613 535 &formet.

253 569 452 657 Qod
482 590 645 632 num
670 565 782 629 fiat
810 565 910 628 vel
938 587 1095 641 non,
1118 563 1294 628 haud
1319 580 1454 628 tam
1482 587 1619 629 ma-

249 661 475 726 nifeste
521 660 911 724 concludere
955 658 1110 723 licet
1155 681 1189 722 a
1233 658 1481 724 ratione
1515 657 1617 722 vel

247 756 608 832 intellectu,
644 776 847 843 quam
895 752 974 816 ab
1019 749 1156 841 ipso
1203 753 1349 815 actu
1385 752 1618 814 imme-

199 843 202 846 *
248 849 421 913 diato
475 847 869 912 voluntatis:
924 847 1086 911 ratio
1131 846 1311 910 enim
1356 846 1482 910 five
1522 844 1618 908 in-

247 944 559 1018 tellectus,
613 940 909 1030 quamvis
961 940 1297 1029 participat
1349 954 1484 1004 tam
1538 939 1618 1002 de

247 1059 515 1125 corpore
549 1058 748 1124 quam
784 1036 863 1099 de
898 1035 1136 1111 anima,
1173 1033 1615 1122 utplurimum

251 1147 471 1195 tamen
514 1131 592 1193 ad
631 1144 837 1218 partes
879 1130 1111 1192 animae
1150 1128 1420 1192 inclinat
1459 1130 1523 1193 δε
1555 1123 1619 1189 se

248 1240 509 1300 movet;
563 1237 627 1287 at
684 1245 834 1286 vero
882 1222 1181 1286 voluntas
1236 1225 1299 1287 &
1354 1221 1617 1286 effectus

248 1318 669 1396 demonstrat,
707 1316 786 1380 ad
820 1317 1003 1404 cujus
1038 1331 1278 1380 nutum
1330 1314 1393 1380 se
1444 1315 1617 1379 flecti

246 1413 524 1502 patiatur
578 1410 818 1475 homo:
883 1410 1063 1475 Nam
1122 1411 1340 1474 anima
1393 1424 1618 1499 poten-

247 1507 406 1571 tiam
457 1506 651 1570 habet
700 1503 1020 1569 sentiendi
1069 1526 1270 1568 omne
1313 1503 1401 1582 id,
1438 1503 1618 1593 quod

248 1601 316 1664 in
363 1623 632 1689 corpore
675 1622 789 1688 per
835 1615 1095 1663 motum
1130 1598 1389 1675 existit3
1441 1599 1504 1662 δε
1536 1620 1618 1661 ex

246 1698 533 1784 potentia
578 1694 687 1757 illa
726 1717 839 1782 per
883 1691 1077 1757 usum
1124 1693 1188 1756 &
1231 1691 1618 1760 exercitium

247 1790 580 1878 acquirere
616 1786 732 1851 fibi
774 1787 979 1876 potest
1024 1786 1326 1851 habitum
1366 1783 1619 1875 conspi-

247 1884 432 1947 randi
459 1884 526 1946 in
561 1904 787 1946 omnes
822 1882 1106 1970 corporis
1140 1879 1203 1945 se
1237 1878 1619 1945 modifican-

247 1977 324 2042 tis
358 1979 572 2053 actu83
611 1999 756 2064 quae
785 1975 867 2039 fic
892 1998 1006 2064 per
1038 1972 1101 2038 se
1135 1975 1312 2064 quafi'
1347 1974 1438 2038 est
1472 1997 1619 2039 cen-

246 2087 424 2135 trum
457 2072 522 2136 &
555 2069 793 2134 ultimo
838 2091 1106 2133 movens
1151 2069 1475 2146 omnium,
1512 2067 1620 2133 sed

246 2188 359 2254 per
394 2165 692 2229 habitum
717 2162 790 2228 fit
814 2163 1104 2253 primum
1132 2163 1235 2227 vel
1262 2163 1452 2227 fimul
1480 2186 1620 2227 mo-

246 2282 400 2323 vens
434 2259 698 2323 illorum
726 2258 794 2322 in
819 2255 935 2322 suo
969 2280 1259 2346 corpore,
1297 2280 1451 2321 cum
1485 2280 1620 2346 quo

250 2354 432 2417 unita
466 2351 578 2416 est.
681 2353 1022 2441 Qoniam
1052 2351 1271 2441 itaque
1298 2349 1620 2415 formatur

249 2446 466 2510 anima
498 2448 561 2511 δε
592 2462 980 2535 praeparatur
1021 2447 1089 2509 in
1135 2469 1403 2535 corpore
1439 2469 1621 2510 mor-

250 2541 360 2604 tali
396 2540 474 2604 ad
509 2540 747 2604 statum
790 2540 1256 2617 immortalem,
1293 2537 1516 2603 sumus
1552 2539 1618 2602 in

250 2634 376 2699 hoc
423 2630 710 2723 respectu
753 2632 1050 2698 homines
1092 2635 1160 2697 in
1196 2632 1448 2697 mundo
1481 2631 1620 2696 feli-

250 2729 507 2803 cissimi,
530 2730 594 2793 ὅτ,
617 2727 854 2816 pariter
880 2725 1299 2791 infelicissimi
1324 2754 1339 2803 ;
1378 2728 1492 2815 qui
1514 2750 1620 2791 ve-

252 2845 322 2886 ro
357 2821 644 2886 infelices
676 2819 849 2899 sunt,
888 2819 1037 2885 sunt
1062 2820 1449 2885 infeliciores
1486 2822 1620 2884 ani-

251 2915 579 2980 mantibus
622 2915 849 2992 brutiS,
885 2938 1169 3003 quorum
1216 2917 1432 2979 anima
1464 2909 1621 2979 cum

249 3033 519 3099 corpore
565 3008 1003 3098 exstinguitur
1038 3012 1100 3073 ἃ
1135 3010 1263 3073 vita
1300 3007 1623 3073 annihila-

1495 3119 1622 3167 tur.
