2080 3424
450 266 520 330 ὅθ’
554 264 948 352 caustzfinali
971 262 1315 328 creationis.
1482 288 1566 351 99

201 397 432 463 causa?
481 399 816 488 quomodo
850 400 976 463 tale
1010 400 1144 462 fine
1176 400 1366 462 ortu?
1411 424 1571 488 quo-

203 493 402 557 modo
446 509 704 557 tantum
752 490 1125 557 universum
1179 493 1294 556 nifi
1336 494 1573 559 limites

203 587 480 651 habeat?
530 610 934 675 unaquaeque
967 609 1108 676 pars
1149 583 1293 649 suos
1338 586 1573 652 limites

203 681 420 756 habet,
456 681 618 770 quid
651 704 785 745 non
812 682 1075 744 totum?
1125 681 1168 743 fi
1201 679 1465 743 finitum
1503 683 1573 745 fi-

205 799 286 839 ne
319 777 612 840 terminis
651 776 991 864 concipere
1025 774 1198 851 velie,
1235 772 1574 863 responde-

203 870 298 934 bis
331 868 498 933 mihi
544 868 684 958 post
728 869 1016 958 aliquam
1062 868 1264 932 animi
1297 869 1575 933 volutio-

206 987 381 1040 nem,
419 987 551 1027 non
599 963 770 1053 poffe
815 964 979 1051 quin
1026 963 1182 1027 fines
1229 963 1486 1037 habeat,
1531 965 1574 1028 fi

205 1059 360 1122 velis
395 1058 562 1122 ultra
602 1061 666 1123 δε
715 1058 880 1122 ultra
914 1080 1026 1146 per
1061 1058 1399 1144 myriadeS,
1437 1080 1575 1145 my-

205 1151 460 1216 riadum
500 1155 564 1218 &
599 1151 971 1239 myriadum
1017 1151 1294 1215 mundos
1339 1153 1451 1228 ire,
1488 1167 1577 1215 ta-

208 1269 363 1310 men
397 1246 596 1310 finem
623 1245 889 1310 habebit
913 1272 928 1323 ;
971 1247 1034 1310 &
1059 1246 1213 1333 quia
1237 1246 1576 1334 particula-

207 1341 329 1404 tim
365 1341 627 1405 finitum
663 1338 772 1417 est,
809 1339 1194 1428 generaliter
1225 1340 1578 1404 conclude-

210 1458 276 1497 re
307 1434 660 1524 poffumuS,
684 1435 882 1498 etiam
905 1434 1062 1498 fines
1083 1433 1460 1498 habiturum
1489 1458 1577 1498 es-

211 1525 295 1604 se,
326 1529 408 1592 fic
436 1552 567 1592 non
595 1527 800 1618 potest
826 1527 947 1592 effe
982 1529 1274 1592 infinitus
1309 1544 1419 1592 aut
1447 1529 1576 1593 fine

212 1623 363 1686 fine.
422 1625 599 1712 Ergo
634 1624 718 1687 fic
745 1623 942 1686 etiam
970 1621 1480 1697 hallucinantur,
1504 1623 1577 1687 li-

210 1731 312 1780 cet
362 1739 495 1780 non
541 1733 677 1781 tam
724 1715 915 1780 craffe
963 1739 1036 1780 ac
1083 1717 1362 1804 priores;
1423 1740 1577 1780 nam

212 1808 417 1899 usque
443 1812 768 1874 affirmant
802 1809 993 1874 ineffe
1032 1812 1178 1874 Deo
1213 1810 1573 1888 infinitum,

211 1905 387 1993 quod
439 1929 550 1993 per
599 1906 782 1970 finita
827 1905 912 1969 fic
971 1904 1294 1992 explicare
1352 1905 1576 1969 volue-

210 2014 378 2073 rant,
408 1997 744 2063 statuendo
779 2014 1034 2087 tempus
1069 2013 1408 2072 aeternum‚
1434 2000 1577 2063 uni-

212 2090 467 2157 versum
495 2093 626 2158 fine
656 2094 810 2167 fine,
834 2093 1268 2158 &Infinitum
1289 2091 1575 2170 finitum,

215 2185 558 2252 nesciendo
591 2187 771 2277 quod
806 2187 1040 2275 copula
1073 2186 1241 2250 finiti
1276 2210 1433 2251 cum
1468 2189 1577 2252 In-

214 2281 420 2359 finito,
467 2279 577 2346 seu
630 2305 760 2346 vox
814 2281 1113 2370 copulata
1157 2279 1325 2344 finiti
1387 2281 1578 2370 plane
1685 2273 1687 2275 ¹

214 2372 541 2464 dispereat,
581 2379 646 2442 &c
680 2377 790 2440 fiat
825 2374 1017 2438 instar
1052 2374 1240 2452 nihil,
1275 2378 1339 2440 ὅς
1375 2398 1578 2439 rema-

217 2485 364 2534 neat
399 2470 748 2534 Infinitum
782 2466 1020 2548 solum,
1057 2472 1120 2535 &
1156 2470 1238 2533 fic
1276 2469 1347 2532 fit
1382 2492 1577 2533 omne

217 2562 378 2626 illud
405 2564 667 2628 finitum
695 2563 884 2642 nihil,
914 2567 978 2630 ὅς
1007 2563 1353 2628 Infinitum
1382 2564 1452 2627 fit
1481 2563 1579 2627 so·-

216 2657 398 2732 lum;
477 2658 1081 2746 quomodocunque
1138 2658 1319 2721 enim
1377 2659 1578 2723 velint

217 2749 445 2813 addere
465 2769 574 2814 aut
597 2751 1051 2841 multiplicare,
1071 2749 1447 2816 subtrahere
1470 2769 1580 2816 aut

219 2843 499 2907 dividere
534 2844 882 2909 Infinitum
923 2868 1079 2909 cum
1126 2847 1333 2922 finito,
1370 2845 1443 2908 fit
1478 2845 1580 2909 us·-

218 2960 348 3024 que
381 2935 643 3002 finitum
679 2961 806 3004 non
842 2962 973 3016 enS,
1001 2943 1066 3005 δε
1102 2955 1392 3003 remanet
1428 2940 1580 3004 Infi-

872 3035 938 3097 G
978 3054 1013 3098 2
1362 3033 1580 3097 nitum
