<?xml version="1.0" encoding="UTF-8"?>
<!DOCTYPE html PUBLIC "-//W3C//DTD XHTML 1.0 Transitional//EN"
    "http://www.w3.org/TR/xhtml1/DTD/xhtml1-transitional.dtd">
<html xmlns="http://www.w3.org/1999/xhtml" xml:lang="en" lang="en">
 <head>
  <title>
</title>
<meta http-equiv="Content-Type" content="text/html;charset=utf-8" />
  <meta name='ocr-system' content='tesseract 3.04.00' />
  <meta name='ocr-capabilities' content='ocr_page ocr_carea ocr_par ocr_line ocrx_word'/>
</head>
<body>
  <div class='ocr_page' id='page_1' title='image "./prodromusphiloso00sweduoft/prodromusphiloso00sweduoft_0148.png"; bbox 0 0 2080 3424; ppageno 0'>
   <div class='ocr_carea' id='block_1_1' title="bbox 492 210 1533 302">
    <p class='ocr_par' dir='ltr' id='par_1_1' title="bbox 492 210 1533 302">
     <span class='ocr_line' id='line_1_1' title="bbox 492 210 1533 302; baseline -0.004 -24"><span class='ocrx_word' id='word_1_1' title='bbox 492 236 614 302; x_wconf 82' lang='lat'>132</span> <span class='ocrx_word' id='word_1_2' title='bbox 854 216 1012 302; x_wconf 80' lang='lat' dir='ltr'>Cap.</span> <span class='ocrx_word' id='word_1_3' title='bbox 1051 214 1110 276; x_wconf 90' lang='lat' dir='ltr'>I.</span> <span class='ocrx_word' id='word_1_4' title='bbox 1148 212 1254 276; x_wconf 87' lang='lat' dir='ltr'>De</span> <span class='ocrx_word' id='word_1_5' title='bbox 1291 210 1533 298; x_wconf 82' lang='lat' dir='ltr'>Infinito</span> 
     </span>
    </p>
   </div>
   <div class='ocr_carea' id='block_1_2' title="bbox 472 342 1853 814">
    <p class='ocr_par' dir='ltr' id='par_1_2' title="bbox 472 342 1853 814">
     <span class='ocr_line' id='line_1_2' title="bbox 481 342 1847 436; baseline -0.004 -22"><span class='ocrx_word' id='word_1_6' title='bbox 481 347 589 414; x_wconf 89' lang='lat' dir='ltr'>sa?</span> <span class='ocrx_word' id='word_1_7' title='bbox 638 372 793 414; x_wconf 87' lang='lat' dir='ltr'>nam</span> <span class='ocrx_word' id='word_1_8' title='bbox 829 350 872 414; x_wconf 90' lang='lat' dir='ltr'>fi</span> <span class='ocrx_word' id='word_1_9' title='bbox 902 349 1045 415; x_wconf 88' lang='lat' dir='ltr'>finis</span> <span class='ocrx_word' id='word_1_10' title='bbox 1081 370 1213 412; x_wconf 92' lang='lat' dir='ltr'>non</span> <span class='ocrx_word' id='word_1_11' title='bbox 1249 345 1590 436; x_wconf 87' lang='lat' dir='ltr'><strong>respondet</strong></span> <span class='ocrx_word' id='word_1_12' title='bbox 1626 342 1847 424; x_wconf 89' lang='lat' dir='ltr'>causae,</span> 
     </span>
     <span class='ocr_line' id='line_1_3' title="bbox 484 439 1851 508; baseline -0.004 0"><span class='ocrx_word' id='word_1_13' title='bbox 484 445 598 508; x_wconf 89' lang='lat' dir='ltr'>ubi</span> <span class='ocrx_word' id='word_1_14' title='bbox 622 459 779 508; x_wconf 90' lang='lat' dir='ltr'>tunc</span> <span class='ocrx_word' id='word_1_15' title='bbox 805 444 1153 508; x_wconf 89' lang='lat' dir='ltr'>Infinitum</span> <span class='ocrx_word' id='word_1_16' title='bbox 1179 441 1268 505; x_wconf 90' lang='lat' dir='ltr'>est</span> <span class='ocrx_word' id='word_1_17' title='bbox 1290 442 1357 505; x_wconf 92' lang='lat' dir='ltr'>in</span> <span class='ocrx_word' id='word_1_18' title='bbox 1379 439 1612 505; x_wconf 86' lang='lat' dir='ltr'>causa?</span> <span class='ocrx_word' id='word_1_19' title='bbox 1661 441 1727 504; x_wconf 93' lang='lat' dir='ltr'>in</span> <span class='ocrx_word' id='word_1_20' title='bbox 1756 440 1851 504; x_wconf 92' lang='lat' dir='ltr'>ul-</span> 
     </span>
     <span class='ocr_line' id='line_1_4' title="bbox 484 534 1852 602; baseline -0.004 0"><span class='ocrx_word' id='word_1_21' title='bbox 484 539 650 602; x_wconf 92' lang='lat' dir='ltr'>timo</span> <span class='ocrx_word' id='word_1_22' title='bbox 684 537 811 602; x_wconf 87' lang='lat' dir='ltr'>hoc</span> <span class='ocrx_word' id='word_1_23' title='bbox 857 535 1090 601; x_wconf 67' lang='lat' dir='ltr'>effe&amp;u</span> <span class='ocrx_word' id='word_1_24' title='bbox 1138 558 1256 600; x_wconf 92' lang='lat' dir='ltr'>nec</span> <span class='ocrx_word' id='word_1_25' title='bbox 1301 535 1595 599; x_wconf 91' lang='lat' dir='ltr'>videmus</span> <span class='ocrx_word' id='word_1_26' title='bbox 1637 534 1852 598; x_wconf 93' lang='lat' dir='ltr'>ullum</span> 
     </span>
     <span class='ocr_line' id='line_1_5' title="bbox 484 627 1853 719; baseline -0.004 -23"><span class='ocrx_word' id='word_1_27' title='bbox 484 632 676 698; x_wconf 90' lang='lat' dir='ltr'>finale</span> <span class='ocrx_word' id='word_1_28' title='bbox 720 631 1020 695; x_wconf 89' lang='lat' dir='ltr'>divinum</span> <span class='ocrx_word' id='word_1_29' title='bbox 1065 629 1186 694; x_wconf 85' lang='lat' dir='ltr'>effe</span> <span class='ocrx_word' id='word_1_30' title='bbox 1228 652 1340 719; x_wconf 90' lang='lat' dir='ltr'>per</span> <span class='ocrx_word' id='word_1_31' title='bbox 1385 627 1469 705; x_wconf 91' lang='lat' dir='ltr'>se,</span> <span class='ocrx_word' id='word_1_32' title='bbox 1517 629 1853 717; x_wconf 90' lang='lat' dir='ltr'>quomodo</span> 
     </span>
     <span class='ocr_line' id='line_1_6' title="bbox 472 723 1037 814; baseline -0.004 -24"><span class='ocrx_word' id='word_1_33' title='bbox 472 727 615 813; x_wconf 90' lang='lat' dir='ltr'>jam</span> <span class='ocrx_word' id='word_1_34' title='bbox 651 723 1037 814; x_wconf 85' lang='lat' dir='ltr'>respondes?</span> 
     </span>
    </p>
   </div>
   <div class='ocr_carea' id='block_1_3' title="bbox 486 906 1862 3037">
    <p class='ocr_par' dir='ltr' id='par_1_3' title="bbox 486 906 1862 2974">
     <span class='ocr_line' id='line_1_7' title="bbox 580 906 1852 1000; baseline -0.004 -24"><span class='ocrx_word' id='word_1_35' title='bbox 580 911 702 976; x_wconf 85' lang='lat' dir='ltr'>Sed</span> <span class='ocrx_word' id='word_1_36' title='bbox 747 927 1098 1000; x_wconf 86' lang='lat' dir='ltr'>antequam</span> <span class='ocrx_word' id='word_1_37' title='bbox 1149 909 1256 974; x_wconf 84' lang='lat' dir='ltr'>hic</span> <span class='ocrx_word' id='word_1_38' title='bbox 1308 908 1514 974; x_wconf 90' lang='lat' dir='ltr'>nodus</span> <span class='ocrx_word' id='word_1_39' title='bbox 1546 906 1852 982; x_wconf 85' lang='lat' dir='ltr'>solvatur,</span> 
     </span>
     <span class='ocr_line' id='line_1_8' title="bbox 489 1002 1855 1094; baseline -0.004 -23"><span class='ocrx_word' id='word_1_40' title='bbox 489 1005 812 1072; x_wconf 86' lang='lat' dir='ltr'>neceffum</span> <span class='ocrx_word' id='word_1_41' title='bbox 835 1006 948 1083; x_wconf 90' lang='lat' dir='ltr'>est,</span> <span class='ocrx_word' id='word_1_42' title='bbox 975 1019 1046 1068; x_wconf 92' lang='lat' dir='ltr'>ut</span> <span class='ocrx_word' id='word_1_43' title='bbox 1066 1020 1427 1094; x_wconf 88' lang='lat' dir='ltr'>repetamus</span> <span class='ocrx_word' id='word_1_44' title='bbox 1450 1002 1660 1066; x_wconf 82' lang='lat' dir='ltr'>nostra</span> <span class='ocrx_word' id='word_1_45' title='bbox 1682 1002 1855 1091; x_wconf 91' lang='lat' dir='ltr'>prin-</span> 
     </span>
     <span class='ocr_line' id='line_1_9' title="bbox 488 1095 1854 1190; baseline -0.005 -25"><span class='ocrx_word' id='word_1_46' title='bbox 488 1102 674 1190; x_wconf 87' lang='lat' dir='ltr'>cipia,</span> <span class='ocrx_word' id='word_1_47' title='bbox 711 1103 774 1165; x_wconf 71' lang='grc' dir='ltr'>δε</span> <span class='ocrx_word' id='word_1_48' title='bbox 821 1099 1228 1189; x_wconf 87' lang='lat' dir='ltr'>inquiramus</span> <span class='ocrx_word' id='word_1_49' title='bbox 1276 1099 1343 1162; x_wconf 97' lang='lat' dir='ltr'>in</span> <span class='ocrx_word' id='word_1_50' title='bbox 1389 1095 1684 1160; x_wconf 89' lang='lat' dir='ltr'>nostrum</span> <span class='ocrx_word' id='word_1_51' title='bbox 1729 1097 1854 1185; x_wconf 91' lang='lat' dir='ltr'>pri-</span> 
     </span>
     <span class='ocr_line' id='line_1_10' title="bbox 486 1190 1855 1281; baseline -0.005 -22"><span class='ocrx_word' id='word_1_52' title='bbox 486 1218 676 1259; x_wconf 93' lang='lat' dir='ltr'>mum</span> <span class='ocrx_word' id='word_1_53' title='bbox 710 1195 998 1270; x_wconf 90' lang='lat' dir='ltr'>finitum,</span> <span class='ocrx_word' id='word_1_54' title='bbox 1028 1207 1377 1281; x_wconf 88' lang='lat' dir='ltr'>antequam</span> <span class='ocrx_word' id='word_1_55' title='bbox 1412 1190 1679 1254; x_wconf 90' lang='lat' dir='ltr'>ulterius</span> <span class='ocrx_word' id='word_1_56' title='bbox 1703 1212 1855 1279; x_wconf 89' lang='lat' dir='ltr'>pro-</span> 
     </span>
     <span class='ocr_line' id='line_1_11' title="bbox 489 1283 1862 1377; baseline -0.003 -25"><span class='ocrx_word' id='word_1_57' title='bbox 489 1289 669 1377; x_wconf 84' lang='lat' dir='ltr'>gredi</span> <span class='ocrx_word' id='word_1_58' title='bbox 718 1289 941 1352; x_wconf 88' lang='lat' dir='ltr'>liceat:</span> <span class='ocrx_word' id='word_1_59' title='bbox 985 1287 1125 1375; x_wconf 89' lang='lat' dir='ltr'>jam</span> <span class='ocrx_word' id='word_1_60' title='bbox 1180 1309 1312 1349; x_wconf 90' lang='lat' dir='ltr'>non</span> <span class='ocrx_word' id='word_1_61' title='bbox 1359 1300 1653 1373; x_wconf 87' lang='lat' dir='ltr'>negatur,</span> <span class='ocrx_word' id='word_1_62' title='bbox 1696 1283 1862 1372; x_wconf 75' lang='lat' dir='ltr'>quin.</span> 
     </span>
     <span class='ocr_line' id='line_1_12' title="bbox 488 1378 1855 1458; baseline -0.004 -11"><span class='ocrx_word' id='word_1_63' title='bbox 488 1382 836 1448; x_wconf 92' lang='lat' dir='ltr'>Infinitum</span> <span class='ocrx_word' id='word_1_64' title='bbox 888 1382 962 1445; x_wconf 87' lang='lat' dir='ltr'>fit</span> <span class='ocrx_word' id='word_1_65' title='bbox 1010 1378 1196 1445; x_wconf 89' lang='lat' dir='ltr'>causa</span> <span class='ocrx_word' id='word_1_66' title='bbox 1244 1379 1440 1458; x_wconf 87' lang='lat' dir='ltr'>finiti,</span> <span class='ocrx_word' id='word_1_67' title='bbox 1489 1401 1607 1443; x_wconf 89' lang='lat' dir='ltr'>nec</span> <span class='ocrx_word' id='word_1_68' title='bbox 1658 1380 1855 1442; x_wconf 91' lang='lat' dir='ltr'>etiam</span> 
     </span>
     <span class='ocr_line' id='line_1_13' title="bbox 486 1470 1854 1565; baseline -0.003 -26"><span class='ocrx_word' id='word_1_69' title='bbox 486 1478 650 1565; x_wconf 94' lang='lat' dir='ltr'>quin</span> <span class='ocrx_word' id='word_1_70' title='bbox 701 1476 967 1541; x_wconf 87' lang='lat' dir='ltr'>finitum</span> <span class='ocrx_word' id='word_1_71' title='bbox 1019 1476 1313 1564; x_wconf 91' lang='lat' dir='ltr'>primum</span> <span class='ocrx_word' id='word_1_72' title='bbox 1367 1473 1441 1537; x_wconf 91' lang='lat' dir='ltr'>fit</span> <span class='ocrx_word' id='word_1_73' title='bbox 1488 1470 1854 1561; x_wconf 61' lang='lat' dir='ltr'>perfeetiffi-</span> 
     </span>
     <span class='ocr_line' id='line_1_14' title="bbox 486 1566 1854 1660; baseline -0.003 -26"><span class='ocrx_word' id='word_1_74' title='bbox 486 1595 677 1635; x_wconf 89' lang='lat' dir='ltr'>mum</span> <span class='ocrx_word' id='word_1_75' title='bbox 713 1570 820 1635; x_wconf 87' lang='lat' dir='ltr'>seu</span> <span class='ocrx_word' id='word_1_76' title='bbox 856 1568 1303 1660; x_wconf 66' lang='lat' dir='ltr'>perfeetiffime</span> <span class='ocrx_word' id='word_1_77' title='bbox 1339 1566 1601 1631; x_wconf 91' lang='lat' dir='ltr'>finitum</span> <span class='ocrx_word' id='word_1_78' title='bbox 1632 1593 1647 1643; x_wconf 93' lang='grc'>;</span> <span class='ocrx_word' id='word_1_79' title='bbox 1702 1589 1854 1630; x_wconf 89' lang='lat' dir='ltr'>nam</span> 
     </span>
     <span class='ocr_line' id='line_1_15' title="bbox 487 1661 1854 1750; baseline -0.003 -22"><span class='ocrx_word' id='word_1_80' title='bbox 487 1667 566 1729; x_wconf 90' lang='lat' dir='ltr'>ab</span> <span class='ocrx_word' id='word_1_81' title='bbox 623 1664 893 1731; x_wconf 88' lang='lat' dir='ltr'>Infinito</span> <span class='ocrx_word' id='word_1_82' title='bbox 951 1662 1325 1728; x_wconf 89' lang='lat' dir='ltr'>immediate</span> <span class='ocrx_word' id='word_1_83' title='bbox 1379 1661 1547 1725; x_wconf 91' lang='lat' dir='ltr'>nihil</span> <span class='ocrx_word' id='word_1_84' title='bbox 1601 1661 1854 1750; x_wconf 88' lang='lat' dir='ltr'>prodire</span> 
     </span>
     <span class='ocr_line' id='line_1_16' title="bbox 486 1754 1852 1848; baseline -0.004 -25"><span class='ocrx_word' id='word_1_85' title='bbox 486 1759 713 1848; x_wconf 88' lang='lat' dir='ltr'>potest,</span> <span class='ocrx_word' id='word_1_86' title='bbox 769 1760 884 1822; x_wconf 91' lang='lat' dir='ltr'>nifi</span> <span class='ocrx_word' id='word_1_87' title='bbox 938 1757 1116 1846; x_wconf 92' lang='lat' dir='ltr'>quod</span> <span class='ocrx_word' id='word_1_88' title='bbox 1168 1754 1700 1845; x_wconf 66' lang='lat' dir='ltr'>perfeetiffimum</span> <span class='ocrx_word' id='word_1_89' title='bbox 1758 1754 1852 1830; x_wconf 90' lang='lat' dir='ltr'>fit,</span> 
     </span>
     <span class='ocr_line' id='line_1_17' title="bbox 487 1849 1852 1942; baseline -0.005 -24"><span class='ocrx_word' id='word_1_90' title='bbox 487 1852 594 1917; x_wconf 86' lang='lat' dir='ltr'>sed</span> <span class='ocrx_word' id='word_1_91' title='bbox 615 1853 789 1942; x_wconf 92' lang='lat' dir='ltr'>quod</span> <span class='ocrx_word' id='word_1_92' title='bbox 812 1852 994 1917; x_wconf 89' lang='lat' dir='ltr'>finite</span> <span class='ocrx_word' id='word_1_93' title='bbox 1020 1849 1552 1940; x_wconf 61' lang='lat' dir='ltr'>perfeetiffimum</span> <span class='ocrx_word' id='word_1_94' title='bbox 1576 1849 1675 1914; x_wconf 88' lang='lat' dir='ltr'>fit:</span> <span class='ocrx_word' id='word_1_95' title='bbox 1721 1871 1852 1912; x_wconf 93' lang='lat' dir='ltr'>non</span> 
     </span>
     <span class='ocr_line' id='line_1_18' title="bbox 490 1940 1851 2036; baseline -0.005 -25"><span class='ocrx_word' id='word_1_96' title='bbox 490 1948 668 2011; x_wconf 92' lang='lat' dir='ltr'>enim</span> <span class='ocrx_word' id='word_1_97' title='bbox 696 1946 831 2011; x_wconf 91' lang='lat' dir='ltr'>dari</span> <span class='ocrx_word' id='word_1_98' title='bbox 852 1946 1079 2036; x_wconf 91' lang='lat' dir='ltr'>potest,</span> <span class='ocrx_word' id='word_1_99' title='bbox 1102 1959 1296 2034; x_wconf 90' lang='lat' dir='ltr'>prout</span> <span class='ocrx_word' id='word_1_100' title='bbox 1329 1940 1517 2032; x_wconf 88' lang='lat' dir='ltr'>supra</span> <span class='ocrx_word' id='word_1_101' title='bbox 1538 1943 1851 2019; x_wconf 82' lang='lat' dir='ltr'>dixeram,</span> 
     </span>
     <span class='ocr_line' id='line_1_19' title="bbox 490 2034 1854 2129; baseline -0.001 -26"><span class='ocrx_word' id='word_1_102' title='bbox 490 2041 732 2129; x_wconf 92' lang='lat' dir='ltr'>aliquid</span> <span class='ocrx_word' id='word_1_103' title='bbox 800 2039 1054 2104; x_wconf 90' lang='lat' dir='ltr'>infinite</span> <span class='ocrx_word' id='word_1_104' title='bbox 1107 2037 1488 2127; x_wconf 60' lang='lat' dir='ltr'>perfeetum,</span> <span class='ocrx_word' id='word_1_105' title='bbox 1549 2037 1664 2100; x_wconf 89' lang='lat' dir='ltr'>nifi</span> <span class='ocrx_word' id='word_1_106' title='bbox 1724 2034 1854 2124; x_wconf 92' lang='lat' dir='ltr'>ipse</span> 
     </span>
     <span class='ocr_line' id='line_1_20' title="bbox 491 2128 1854 2220; baseline -0.004 -21"><span class='ocrx_word' id='word_1_107' title='bbox 491 2137 709 2211; x_wconf 84' lang='lat' dir='ltr'>Deus3</span> <span class='ocrx_word' id='word_1_108' title='bbox 764 2156 882 2197; x_wconf 90' lang='lat' dir='ltr'>nec</span> <span class='ocrx_word' id='word_1_109' title='bbox 923 2132 1167 2220; x_wconf 89' lang='lat' dir='ltr'>aliquid</span> <span class='ocrx_word' id='word_1_110' title='bbox 1202 2131 1329 2195; x_wconf 88' lang='lat' dir='ltr'>dici</span> <span class='ocrx_word' id='word_1_111' title='bbox 1363 2128 1568 2218; x_wconf 91' lang='lat' dir='ltr'>potest</span> <span class='ocrx_word' id='word_1_112' title='bbox 1601 2129 1854 2194; x_wconf 88' lang='lat' dir='ltr'>infinite</span> 
     </span>
     <span class='ocr_line' id='line_1_21' title="bbox 488 2224 1854 2317; baseline -0.003 -25"><span class='ocrx_word' id='word_1_113' title='bbox 488 2227 878 2317; x_wconf 60' lang='lat' dir='ltr'>perfeetum,</span> <span class='ocrx_word' id='word_1_114' title='bbox 922 2227 1085 2315; x_wconf 90' lang='lat' dir='ltr'>quin</span> <span class='ocrx_word' id='word_1_115' title='bbox 1136 2224 1406 2289; x_wconf 92' lang='lat' dir='ltr'>delenda</span> <span class='ocrx_word' id='word_1_116' title='bbox 1450 2224 1524 2288; x_wconf 92' lang='lat' dir='ltr'>fit</span> <span class='ocrx_word' id='word_1_117' title='bbox 1570 2246 1697 2287; x_wconf 85' lang='lat' dir='ltr'>vox</span> <span class='ocrx_word' id='word_1_118' title='bbox 1744 2239 1854 2288; x_wconf 91' lang='lat' dir='ltr'>aut</span> 
     </span>
     <span class='ocr_line' id='line_1_22' title="bbox 489 2317 1854 2411; baseline -0.003 -25"><span class='ocrx_word' id='word_1_119' title='bbox 489 2322 722 2411; x_wconf 88' lang='lat' dir='ltr'>copula</span> <span class='ocrx_word' id='word_1_120' title='bbox 761 2319 1143 2411; x_wconf 65' lang='lat' dir='ltr'>perfeetum,</span> <span class='ocrx_word' id='word_1_121' title='bbox 1191 2335 1265 2383; x_wconf 93' lang='lat' dir='ltr'>ut</span> <span class='ocrx_word' id='word_1_122' title='bbox 1306 2333 1635 2382; x_wconf 85' lang='lat' dir='ltr'>remaneat</span> <span class='ocrx_word' id='word_1_123' title='bbox 1680 2317 1854 2382; x_wconf 91' lang='lat' dir='ltr'>nude</span> 
     </span>
     <span class='ocr_line' id='line_1_23' title="bbox 491 2411 1853 2503; baseline -0.004 -24"><span class='ocrx_word' id='word_1_124' title='bbox 491 2415 851 2493; x_wconf 85' lang='lat' dir='ltr'>infinitum,</span> <span class='ocrx_word' id='word_1_125' title='bbox 888 2414 1063 2503; x_wconf 89' lang='lat' dir='ltr'>quod</span> <span class='ocrx_word' id='word_1_126' title='bbox 1113 2411 1203 2475; x_wconf 92' lang='lat' dir='ltr'>est</span> <span class='ocrx_word' id='word_1_127' title='bbox 1241 2415 1468 2487; x_wconf 84' lang='lat' dir='ltr'>-Deus;</span> <span class='ocrx_word' id='word_1_128' title='bbox 1522 2435 1676 2500; x_wconf 86' lang='lat' dir='ltr'>ergo</span> <span class='ocrx_word' id='word_1_129' title='bbox 1721 2434 1853 2474; x_wconf 91' lang='lat' dir='ltr'>non</span> 
     </span>
     <span class='ocr_line' id='line_1_24' title="bbox 491 2504 1854 2598; baseline -0.004 -25"><span class='ocrx_word' id='word_1_130' title='bbox 491 2510 627 2574; x_wconf 89' lang='lat' dir='ltr'>dari</span> <span class='ocrx_word' id='word_1_131' title='bbox 661 2509 866 2598; x_wconf 92' lang='lat' dir='ltr'>potest</span> <span class='ocrx_word' id='word_1_132' title='bbox 910 2506 1155 2596; x_wconf 87' lang='lat' dir='ltr'>aliquid</span> <span class='ocrx_word' id='word_1_133' title='bbox 1200 2506 1455 2572; x_wconf 90' lang='lat' dir='ltr'>infinite</span> <span class='ocrx_word' id='word_1_134' title='bbox 1494 2504 1854 2595; x_wconf 66' lang='lat' dir='ltr'>perfeetum</span> 
     </span>
     <span class='ocr_line' id='line_1_25' title="bbox 489 2598 1854 2693; baseline -0.004 -25"><span class='ocrx_word' id='word_1_135' title='bbox 489 2621 715 2693; x_wconf 87' lang='lat' dir='ltr'>praeter</span> <span class='ocrx_word' id='word_1_136' title='bbox 768 2605 1014 2678; x_wconf 88' lang='lat' dir='ltr'>Deum,</span> <span class='ocrx_word' id='word_1_137' title='bbox 1067 2599 1174 2664; x_wconf 87' lang='lat' dir='ltr'>sed</span> <span class='ocrx_word' id='word_1_138' title='bbox 1228 2601 1363 2664; x_wconf 91' lang='lat' dir='ltr'>dari</span> <span class='ocrx_word' id='word_1_139' title='bbox 1419 2598 1626 2689; x_wconf 89' lang='lat' dir='ltr'>potest</span> <span class='ocrx_word' id='word_1_140' title='bbox 1672 2598 1854 2662; x_wconf 89' lang='lat' dir='ltr'>finite</span> 
     </span>
     <span class='ocr_line' id='line_1_26' title="bbox 490 2695 1854 2787; baseline -0.004 -25"><span class='ocrx_word' id='word_1_141' title='bbox 490 2697 1044 2787; x_wconf 61' lang='lat' dir='ltr'>perfeetiffimum,</span> <span class='ocrx_word' id='word_1_142' title='bbox 1092 2710 1407 2783; x_wconf 89' lang='lat' dir='ltr'>quatenus</span> <span class='ocrx_word' id='word_1_143' title='bbox 1445 2695 1745 2781; x_wconf 87' lang='lat' dir='ltr'>proxime</span> <span class='ocrx_word' id='word_1_144' title='bbox 1791 2695 1854 2757; x_wconf 86' lang='lat'>&amp;</span> 
     </span>
     <span class='ocr_line' id='line_1_27' title="bbox 492 2785 1856 2864; baseline -0.005 -8"><span class='ocrx_word' id='word_1_145' title='bbox 492 2791 867 2856; x_wconf 91' lang='lat' dir='ltr'>immediate</span> <span class='ocrx_word' id='word_1_146' title='bbox 916 2789 1093 2853; x_wconf 90' lang='lat' dir='ltr'>venit</span> <span class='ocrx_word' id='word_1_147' title='bbox 1143 2789 1221 2852; x_wconf 90' lang='lat' dir='ltr'>ab</span> <span class='ocrx_word' id='word_1_148' title='bbox 1273 2788 1563 2864; x_wconf 90' lang='lat' dir='ltr'>Infinit0‚</span> <span class='ocrx_word' id='word_1_149' title='bbox 1610 2785 1718 2851; x_wconf 89' lang='lat' dir='ltr'>sed</span> <span class='ocrx_word' id='word_1_150' title='bbox 1767 2785 1856 2849; x_wconf 90' lang='lat' dir='ltr'>est</span> 
     </span>
     <span class='ocr_line' id='line_1_28' title="bbox 490 2881 1855 2974; baseline -0.005 -24"><span class='ocrx_word' id='word_1_151' title='bbox 490 2886 672 2950; x_wconf 88' lang='lat' dir='ltr'>finite</span> <span class='ocrx_word' id='word_1_152' title='bbox 704 2882 1258 2974; x_wconf 64' lang='lat' dir='ltr'>perfeetiffimum‚</span> <span class='ocrx_word' id='word_1_153' title='bbox 1284 2885 1347 2948; x_wconf 68' lang='grc' dir='ltr'>δε</span> <span class='ocrx_word' id='word_1_154' title='bbox 1381 2883 1464 2946; x_wconf 91' lang='lat' dir='ltr'>fic</span> <span class='ocrx_word' id='word_1_155' title='bbox 1499 2882 1566 2944; x_wconf 93' lang='lat' dir='ltr'>in</span> <span class='ocrx_word' id='word_1_156' title='bbox 1603 2881 1716 2945; x_wconf 92' lang='lat' dir='ltr'>illo</span> <span class='ocrx_word' id='word_1_157' title='bbox 1739 2903 1855 2969; x_wconf 94' lang='lat' dir='ltr'>pu-</span> 
     </span>
    </p>

    <p class='ocr_par' dir='ltr' id='par_1_4' title="bbox 1789 2997 1855 3037">
     <span class='ocr_line' id='line_1_29' title="bbox 1789 2997 1855 3037; baseline -0.015 0"><span class='ocrx_word' id='word_1_158' title='bbox 1789 2997 1855 3037; x_wconf 90' lang='lat' dir='ltr'>re</span> 
     </span>
    </p>
   </div>
  </div>
 </body>
</html>
