2080 3424
482 249 614 316 206
741 251 897 338 Cap.
942 251 1034 314 II.
1072 248 1177 314 De
1209 246 1597 335 mechanffmo

571 384 679 451 Ad
714 386 1279 452 immortalitatem
1314 387 1545 451 animae
1579 380 1849 450 demon-

479 479 802 544 strandam
843 480 1066 546 induci
1104 482 1300 544 etiam
1345 480 1548 570 potest
1582 480 1661 544 ab
1695 479 1850 546 Infi-

479 574 618 638 nito
669 574 746 637 ad
796 575 1105 651 animam,
1142 590 1336 663 prout
1386 575 1464 638 ab
1511 574 1727 638 anima
1771 573 1850 637 ad

477 690 731 756 corpuS,
755 665 863 732 seu
892 692 926 733 a
952 691 1125 733 nexu
1157 665 1408 733 Infiniti
1428 691 1584 733 cum
1607 669 1849 746 anima,

477 776 672 850 prout
722 785 756 825 a
807 784 982 826 nexu
1033 762 1264 826 animae
1312 784 1469 826 cum
1533 783 1847 851 corpore:

481 878 634 919 nam
670 878 703 918 a
739 878 915 920 nexu
956 857 1188 933 oritur,
1223 870 1418 944 prout
1451 855 1703 919 dietum
1738 852 1850 931 est,

479 949 856 1013 immediate
883 972 1090 1026 amor,
1115 946 1223 1012 seu
1259 947 1631 1013 delitiosum
1666 948 1851 1026 illud,

479 1042 658 1130 quod
705 1066 819 1131 per
870 1065 1185 1121 amorem,
1223 1043 1350 1106 hoc
1397 1043 1509 1116 est,
1546 1065 1658 1131 per
1700 1065 1853 1106 con-

467 1136 886 1224 junffionem
937 1136 1388 1200 harmonicam
1452 1136 1736 1226 partium
1792 1137 1857 1201 &

482 1232 833 1294 modorum
855 1231 922 1294 in
948 1230 1199 1295 mundo
1225 1228 1499 1294 sentitur
1523 1257 1539 1308 ;
1586 1231 1654 1295 in
1678 1253 1851 1293 nexu

479 1325 763 1389 confistit
821 1326 1097 1389 omnino
1155 1346 1337 1389 amor
1392 1322 1501 1389 seu
1569 1324 1853 1388 amicitia

479 1419 762 1508 corporis
818 1420 882 1484 δε
933 1420 1182 1493 animae,
1219 1418 1454 1508 pariter
1507 1418 1739 1481 animae
1792 1417 1857 1482 ὅτ

482 1514 773 1578 Infiniti:
824 1514 1082 1602 fignum
1103 1514 1167 1578 δε
1190 1511 1453 1576 effeetus
1481 1513 1715 1576 amoris
1741 1509 1852 1588 est,

482 1622 556 1671 ut
580 1607 857 1671 alterum
886 1608 1242 1672 confideret
1275 1621 1591 1695 tanquam
1623 1602 1710 1685 se,
1740 1603 1852 1669 seu

483 1700 655 1765 aliud
691 1717 1004 1790 tanquam
1039 1699 1256 1778 suum,
1280 1698 1385 1764 seu
1415 1699 1626 1764 videat
1661 1698 1855 1763 instar

483 1790 581 1858 sui
614 1796 680 1858 in
717 1795 882 1871 alio;
937 1819 1090 1860 nam
1125 1795 1301 1882 quasi
1338 1792 1585 1858 nescius
1620 1793 1689 1856 in
1724 1792 1852 1857 alio

481 1886 698 1967 sentit,
724 1889 1049 1953 mediante
1085 1912 1258 1952 nexu
1294 1911 1406 1976 per
1439 1888 1851 1975 contiguum,

482 1982 657 2047 idem
685 1983 859 2072 quod
889 1984 955 2047 in
982 1981 1044 2047 se
1070 2010 1082 2047 :
1135 1983 1199 2046 δε
1230 1982 1383 2070 quia
1418 2004 1600 2044 amor
1634 1978 1732 2044 sui
1765 1979 1855 2043 est

482 2079 823 2165 proximus
849 2080 911 2142 ὃς
946 2073 1417 2163 consequenter
1450 2073 1851 2153 fortisfimu5‚

484 2171 552 2233 in
604 2171 739 2244 illo,
777 2193 976 2257 quem
1028 2184 1221 2245 amat,
1258 2183 1436 2257 optat
1475 2170 1538 2233 δε
1579 2165 1856 2256 discupit

484 2264 682 2341 idem,
720 2263 897 2350 quod
943 2264 1009 2325 in
1056 2261 1119 2326 se
1163 2260 1534 2326 delitiosum
1578 2263 1641 2326 &
1672 2264 1856 2326 volu-

483 2381 563 2447 pe
597 2356 810 2434 sentit,
847 2374 1162 2445 tanquam
1209 2355 1275 2419 in
1318 2356 1443 2420 alio
1478 2353 1565 2435 se,
1604 2358 1668 2421 δε
1702 2377 1855 2419 con-

483 2450 825 2539 sequenter
848 2452 904 2514 ei
926 2449 1202 2514 tribuere
1225 2450 1289 2513 ὅτ,
1309 2449 1454 2514 dare
1470 2464 1661 2525 amat,
1679 2447 1857 2537 quod

485 2545 616 2633 ipse
653 2560 726 2608 ut
759 2543 1078 2608 effentiale
1113 2544 1363 2607 bonum
1409 2542 1706 2632 possidet,
1743 2540 1854 2606 seu

486 2638 783 2727 discupit,
810 2653 882 2702 ut
909 2639 975 2702 in
1004 2660 1305 2701 connexo
1332 2635 1552 2701 secum
1582 2637 1655 2700 fit
1681 2636 1856 2700 idem

486 2750 598 2799 aut
640 2732 854 2796 similis
900 2732 1113 2808 statUS,
1151 2732 1357 2819 qualis
1400 2730 1491 2794 est
1534 2732 1601 2794 in
1653 2727 1736 2808 se,
1774 2731 1857 2795 fic

487 2828 702 2892 anima
731 2827 867 2890 vult
893 2841 965 2889 ut
992 2827 1057 2889 in
1086 2848 1353 2914 corpore
1381 2826 1454 2889 fit
1481 2824 1704 2888 eadem
1740 2847 1857 2913 Ρη-

487 2923 654 2999 ritas,
689 2919 996 3010 perfefflio
1046 2921 1109 2984 ὅῑ
1155 2919 1563 3009 perpetuitaS,
1601 2941 1743 3007 quae
1790 2918 1857 2980 in

1796 3007 1858 3074 se

2052 1346 2080 1503 ι’
