2080 3424
506 233 632 297 106
854 235 1006 324 Cap.
1046 236 1100 299 I.
1142 235 1245 299 De
1277 235 1525 323 Irfinito

595 369 833 458 Qum
867 369 1084 458 itaque
1121 386 1414 435 mentem
1458 370 1601 460 figit
1641 371 1708 435 in
1754 371 1860 435 in—

497 463 817 551 quirendo
846 486 1042 541 neXU,
1073 466 1275 528 volvit
1293 465 1436 552 jam
1465 467 1764 529 animum
1792 466 1859 529 in

501 555 872 631 Infinitum,
891 558 1033 645 jam
1061 559 1128 621 in
1155 559 1446 647 primum
1471 559 1757 638 finitum,
1781 559 1861 623 ab

497 649 624 713 hoc
656 649 860 739 sperat
906 650 969 715 se
1016 652 1427 716 detecturum
1474 676 1746 730 nexum,
1782 654 1860 716 ab

496 744 610 808 illo
646 768 796 808 vero
830 743 1140 834 desperat,
1172 745 1288 810 stat
1322 747 1523 812 veluti
1556 749 1623 811 in
1658 746 1859 821 bivio,

495 839 665 902 inter
697 839 943 926 aliquid
977 839 1245 904 luminis
1271 843 1334 905 δε
1362 841 1677 918 tenebraS,
1707 840 1862 904 hinc

498 930 691 996 haeret
713 935 775 997 &
803 935 1050 1021 quaerit,
1075 957 1294 998 annon
1321 933 1588 999 fortaffis
1617 934 1862 1023 aliquid

495 1026 760 1091 luminis
794 1029 980 1116 poffit
1013 1027 1315 1092 foenerari
1359 1030 1437 1092 ab
1485 1052 1615 1092 una
1658 1043 1859 1116 parte,

499 1119 612 1183 ubi
644 1121 734 1183 est
767 1121 1056 1201 finitum,
1095 1122 1332 1186 format
1379 1123 1462 1186 fic
1509 1123 1624 1186 fibi
1669 1119 1862 1186 status

495 1214 880 1301 quaestioniS‚
918 1217 1164 1304 aliquos
1207 1216 1436 1303 rejicit,
1475 1216 1723 1305 aliquos
1757 1239 1862 1280 ac-

495 1308 671 1397 cipit,
697 1308 855 1373 dum
887 1313 1151 1374 tandem
1174 1311 1385 1374 videat
1418 1311 1614 1376 alicui
1635 1308 1696 1375 se
1723 1307 1863 1400 pos-

495 1399 558 1465 se
592 1403 922 1469 inhaerere.

589 1591 744 1655 Hoc
778 1590 1044 1656 fortaffis
1077 1608 1261 1680 putas
1303 1615 1434 1656 non
1476 1590 1595 1656 effe
1641 1591 1862 1680 inqui-

494 1683 917 1762 rendum‚sed
931 1684 1475 1774 acquiescendum
1489 1684 1607 1749 effe
1631 1687 1697 1749 in
1719 1686 1856 1764 illo,

493 1778 670 1866 quod
693 1779 837 1866 jam
863 1780 1193 1845 detectum
1216 1779 1334 1857 est3
1383 1778 1488 1844 sed
1517 1780 1559 1844 fi
1590 1803 1720 1843 non
1749 1803 1857 1844 ac-

494 1871 798 1960 quiescat,
836 1897 956 1937 nec
990 1875 1116 1939 fide
1151 1874 1417 1939 indubia
1457 1874 1664 1937 multa
1710 1875 1860 1938 inde

492 1963 956 2054 consequentia
1018 1967 1569 2056 comprehendere
1651 1968 1858 2056 poffit,

494 2075 848 2148 antequam
884 2060 1010 2125 hoc
1038 2062 1316 2125 dubium
1345 2063 1542 2125 etiam
1569 2058 1859 2126 solutum

493 2154 590 2231 fit,
620 2154 777 2241 quid
806 2170 964 2219 tunc
992 2154 1410 2219 faciendum?
1460 2178 1680 2220 annon
1703 2179 1858 2220 cum

492 2246 605 2310 illo
633 2248 699 2311 in
723 2249 996 2312 eandem
1025 2249 1588 2312 ratiocinationem
1610 2250 1858 2314 intran—

493 2340 700 2405 dum?
764 2342 865 2406 vel
911 2365 1128 2406 annon
1182 2366 1297 2429 per
1350 2343 1668 2407 rationem
1721 2359 1859 2407 ten-

491 2433 792 2507 tandum,
830 2451 902 2499 ut
936 2437 1214 2500 dubium
1251 2439 1315 2502 &
1354 2436 1561 2500 nodus
1595 2437 1854 2502 evolva-

491 2529 641 2592 tur?
691 2527 820 2593 hoc
855 2528 967 2604 est,
1003 2531 1501 2607 connitendum,
1539 2546 1611 2595 ut
1659 2533 1856 2596 etiam

491 2621 618 2686 hoc
638 2621 746 2686 fiat
773 2624 1260 2701 affirmativum,
1285 2640 1479 2713 prout
1504 2623 1718 2714 ipsum
1743 2627 1857 2690 In·-

489 2715 756 2780 finitum
779 2717 868 2780 est
893 2716 1140 2782 factum
1166 2745 1180 2795 ;
1229 2719 1438 2806 deque
1462 2718 1587 2783 hoc
1609 2742 1728 2784 nec
1753 2719 1858 2782 de-

490 2808 876 2898 sperandum
899 2812 1012 2892 est,
1037 2836 1250 2900 quum
1273 2813 1615 2877 evolutum
1639 2813 1712 2877 fit
1732 2813 1858 2902 pri-

492 2905 775 2968 marium
811 2905 1089 2970 dubium
1125 2907 1202 2969 de
1242 2905 1531 2971 Infinito.
1765 3002 1830 3063 U

1837 3014 1862 3064 t

2074 1363 2080 1381 4

2071 1388 2080 1415 4

2068 1416 2080 1503 ³
