2080 3424
463 232 533 308 &
566 243 749 330 causa
758 241 955 328 finali
980 242 1322 308 creationis.
1485 265 1569 332 93

214 402 361 444 rum
396 377 515 442 effe
552 378 800 441 Deum.
869 377 923 440 F
927 377 1085 441 inite
1120 378 1451 466 loquendo
1485 379 1575 443 est

214 496 423 537 unum
458 471 714 536 craffius
751 470 974 545 altero,
1003 468 1109 534 sed
1143 493 1365 534 coram
1402 473 1572 550 Deo,

213 582 527 655 quatenus
552 564 865 641 infinitus,
890 562 980 627 est
1016 579 1372 653 utrumque
1395 589 1575 654 aeque

211 657 523 736 craffum3
595 658 748 747 quia
797 656 1161 722 differentia
1210 659 1392 723 finita
1441 682 1572 723 non

211 752 364 818 facit
398 753 694 818 diffimile
714 752 869 840 quid
894 753 961 815 in
999 751 1290 830 InfinitO,
1314 750 1419 816 sed
1443 776 1576 817 ma-

213 864 322 912 net
355 846 605 936 semper
637 845 810 909 idem
847 845 913 909 in
951 846 1216 923 ratione,
1253 846 1430 936 quod
1474 870 1574 911 re-

212 939 458 1031 spectus
481 939 697 1005 nullus
718 939 812 1003 fit.
888 940 1132 1004 Eadem
1160 939 1249 1003 est
1271 942 1576 1004 omnium

210 1036 443 1101 talium
494 1034 984 1123 perceptionum
1031 1035 1215 1123 origo
1261 1038 1325 1100 δε
1368 1033 1577 1110 causa,

212 1132 300 1195 est
334 1128 576 1194 scilicet
609 1127 785 1216 quod
818 1128 884 1190 in
923 1128 1298 1216 qualitatem
1325 1129 1458 1217 ejus
1481 1131 1577 1193 in-

211 1224 558 1313 quifiverit,
588 1225 652 1288 &
679 1220 941 1310 quando
977 1222 1141 1286 ultra
1177 1224 1268 1287 ire
1297 1246 1428 1287 non
1463 1246 1578 1311 po-

212 1319 428 1393 tuerit,
466 1316 590 1380 hoc
635 1316 1008 1393 admiratur,
1043 1318 1106 1380 δε
1157 1317 1241 1380 fic
1288 1316 1578 1407 agnoscit

211 1412 338 1476 hoc
370 1414 616 1487 Deum,
641 1409 787 1498 quia
820 1408 981 1473 illud
1015 1411 1390 1489 admiratur,
1418 1413 1579 1500 petit

214 1508 437 1570 Deum
463 1503 654 1568 suum
680 1501 870 1567 unice
895 1503 973 1567 ab
995 1502 1439 1583 admiratione,
1468 1502 1577 1570 seu

212 1600 326 1664 ubi
361 1598 586 1663 definit
621 1597 755 1685 ejus
790 1598 951 1661 ratio
979 1612 1088 1661 aut
1122 1595 1451 1663 subsistere
1474 1601 1579 1663 de-

212 1695 320 1758 bet
352 1693 681 1781 cogitatio,
769 1690 966 1754 Unde
1001 1715 1210 1779 quum
1238 1694 1399 1758 olim
1435 1695 1578 1758 fim-

210 1789 503 1877 pliciores
562 1785 961 1851 adoraverint
1012 1785 1377 1864 hominem,
1433 1788 1579 1852 ideo

211 1882 425 1946 statim
460 1880 742 1944 fecerant
781 1878 970 1942 illurn
1014 1881 1260 1957 Deum,
1297 1884 1359 1946 &
1401 1905 1578 1945 aram

211 1973 574 2066 posuerant,
612 1974 1079 2061 coluerantque
1115 1990 1186 2039 ut
1220 1973 1316 2039 sui
1352 1977 1578 2040 tutela-

212 2093 381 2147 rem3
435 2070 479 2134 fi
506 2069 649 2156 quis
675 2066 906 2130 viderit
932 2067 1210 2143 idolum,
1240 2069 1419 2157 quod
1445 2070 1579 2158 ejus

212 2165 454 2229 ratione
477 2161 723 2251 aliquid
758 2160 1112 2225 mirificum
1138 2163 1435 2227 exstitisse
1457 2187 1581 2253 pu-

212 2258 462 2331 taverit,
497 2252 843 2346 praesertim
884 2255 927 2319 fi
963 2255 1230 2344 aliquid,
1259 2258 1436 2347 quod
1469 2281 1580 2322 vo-

213 2374 431 2417 camus
498 2350 920 2423 miraculum,
988 2367 1249 2439 propter
1307 2351 1580 2416 admira-

215 2449 485 2522 tionem,
512 2446 666 2534 quia
690 2443 1105 2522 miraculum,
1130 2442 1344 2509 causas
1378 2448 1580 2534 perci-

217 2564 361 2629 pere
414 2562 546 2603 non
599 2553 962 2628 potuerant,
1019 2561 1176 2626 ergo
1232 2537 1581 2629 obstupue-

217 2649 380 2710 rant,
404 2636 467 2698 &
499 2631 967 2720 consequenter
999 2631 1252 2697 idolum
1287 2634 1389 2698 vel
1425 2637 1581 2698 ima-

216 2729 438 2817 ginem
466 2725 748 2791 fecerant
781 2723 972 2789 suum
1004 2727 1245 2793 Deum.
1351 2729 1581 2817 Aliqui

218 2817 587 2885 universum
628 2835 927 2909 putarant
968 2819 1092 2883 effe
1137 2822 1383 2900 Deum,
1427 2823 1582 2910 quia

217 2917 283 2980 in
321 2915 433 2979 illo
468 2929 642 2979 tanta
663 2917 726 2979 ὃς
753 2929 885 2977 tam
911 2911 1079 2978 vasta
1096 2913 1320 2994 vvident
1345 2919 1407 2980 ὅε
1429 2939 1581 2979 con-

1428 3032 1582 3098 cipi-
