2080 3424
483 321 554 385 ἐξ
587 319 770 407 caustz
780 319 980 406 finali
1004 317 1346 382 creationis.
1474 340 1597 405 147

240 456 336 519 fiae
376 455 729 519 adventum
774 452 1020 518 latuisse
1063 451 1196 516 fere
1242 475 1489 532 omneS,
1538 456 1601 518 δε

239 549 503 637 quidem
542 547 706 638 ipsos
753 547 1029 634 Judae08‚
1066 569 1352 635 quorum
1399 547 1602 610 maxi-

239 666 346 706 ma
396 665 557 731 pars
587 641 965 714 credidisset,
1020 640 1324 704 Meffiam
1379 657 1602 704 ventu-

239 759 388 799 rum
432 735 553 800 effe
600 760 733 801 non
778 750 1040 825 propter
1083 758 1310 798 curam
1358 734 1601 798 anima-

237 853 409 906 rum,
438 828 544 894 sed
578 845 836 919 propter
869 829 1220 918 imperium
1249 827 1502 905 mundi,
1531 846 1602 893 ut

237 923 332 987 illi
367 925 450 988 fic
484 925 605 989 toti
637 925 781 988 orbi
812 925 1241 1012 imperarent;
1290 945 1433 1009 quae
1469 925 1603 1012 opi-

239 1019 351 1081 nio
385 1017 650 1082 adhuc
634 1042 701 1082 1n
737 1019 843 1083 illa
885 1033 1077 1106 gente
1122 1014 1429 1106 superstes
1474 1018 1599 1082 est:

239 1111 397 1175 adeo
424 1129 496 1176 ut
525 1113 608 1177 fic
634 1128 992 1202 putaretur,
1023 1111 1200 1201 quod
1235 1111 1496 1175 nullum
1529 1111 1603 1174 fi-

240 1206 384 1269 nale
410 1207 707 1270 divinum
734 1205 1012 1270 obtineri
1043 1204 1362 1294 potuisset,
1392 1206 1551 1269 nifi
1536 1229 1601 1269 1n

238 1299 360 1363 illis
394 1301 631 1389 pauciS‚
665 1302 780 1389 qui
815 1300 879 1363 in
917 1300 1169 1364 mundo
1208 1297 1461 1376 scirent,
1499 1298 1602 1363 sed

239 1394 355 1482 qui
384 1396 582 1458 etiam
616 1395 973 1474 crederent,
1005 1393 1310 1457 Meffiam
1346 1409 1605 1482 propter

241 1489 485 1552 animas
510 1488 747 1552 nostras
774 1505 1127 1553 venturum
1156 1488 1276 1552 effe
1302 1490 1365 1552 &
1392 1488 1602 1551 venis-

242 1579 327 1646 se.
389 1581 510 1645 Sed
531 1583 987 1670 adeamusjam
1012 1582 1171 1659 illos,
1195 1583 1309 1670 qui
1330 1583 1396 1645 in
1421 1582 1604 1669 igno-

242 1677 447 1740 rantia
480 1700 593 1765 per
628 1692 724 1740 tot
757 1674 1139 1740 saeculorum
1176 1693 1430 1764 tempus
1459 1692 1605 1739 ante

243 1771 546 1835 Meffiam
582 1772 900 1845 vixerant,
930 1774 993 1836 ὅς
1026 1771 1260 1859 pariter
1294 1770 1460 1847 illos,
1490 1772 1603 1857 qui

242 1863 435 1928 hodie
465 1866 714 1942 vivunt,
742 1866 986 1953 quique
1015 1863 1367 1928 nescierant
1401 1867 1463 1928 &
1499 1888 1605 1927 ne-

239 1956 470 2034 sciunt,
493 1959 795 2023 Meffiam
817 1957 1087 2022 induisse
1110 1959 1466 2046 imaginem
1483 1956 1603 2022 hu-

242 2076 528 2130 manam,
566 2053 710 2117 ideo
760 2069 830 2118 ut
876 2053 984 2116 ille
1032 2053 1326 2141 potuiffet
1373 2075 1487 2116 nos
1535 2068 1605 2115 ut

243 2145 650 2236 imperfectos
695 2171 807 2236 per
847 2146 1338 2211 fimilitudinem
1387 2143 1606 2210 secum

243 2243 626 2306 connectere
658 2264 814 2305 cum
851 2241 1025 2305 finali
1067 2241 1309 2316 divine,
1345 2243 1409 2306 δε
1455 2264 1606 2304 con-

242 2332 585 2423 sequenter
633 2359 764 2400 non
818 2335 1017 2399 modo
1072 2358 1185 2399 nos
1241 2351 1417 2424 aptos
1469 2336 1605 2398 red-

243 2428 391 2492 dere
416 2428 614 2494 fidem
633 2429 1004 2519 recipiendi,
1032 2426 1137 2493 sed
1163 2431 1359 2493 etiam
1382 2429 1448 2492 in
1472 2428 1607 2518 ipso

245 2521 423 2587 finali
449 2523 671 2587 divino
700 2523 983 2588 vivendi:
1022 2547 1178 2612 ergo
1204 2524 1409 2587 oritur
1435 2547 1606 2611 quae-

247 2615 385 2693 stio,
410 2640 490 2680 an
526 2617 644 2692 illi,
668 2619 783 2706 qui
808 2615 1246 2682 nescierant&
1267 2617 1383 2706 qui
1410 2616 1606 2681 nesci-

246 2726 366 2774 unt
411 2711 656 2774 Meffiae
701 2711 1078 2786 adventum,
1117 2712 1461 2799 potuissent
1506 2713 1606 2775 vel

244 2804 480 2892 poffint
512 2804 632 2867 effe
667 2805 733 2867 in
767 2804 946 2869 finali
980 2806 1247 2870 divino?
1321 2802 1607 2893 Respon-

246 2898 391 2977 de0‚
421 2895 599 2985 quod
619 2898 815 2962 etiam
838 2897 956 2963 effe
981 2899 1240 2987 poffint:
1289 2900 1402 2988 qui
1429 2899 1608 2961 enim

246 2990 442 3056 fidem
466 2991 531 3055 in
555 2991 904 3057 Infinitum
928 2991 1142 3069 habet,
1166 3017 1296 3058 non
1320 2992 1611 3056 excludit

984 3088 1047 3150 K
1084 3107 1119 3151 2
1422 3109 1454 3149 a
1488 3086 1612 3149 fide
