2080 3424
487 275 557 340 &
589 274 774 359 caustz
785 274 984 361 finali
1008 273 1352 338 creationis.
1474 296 1496 337 1
1517 295 1549 360 3
1564 293 1597 358 3

238 435 303 475 re
338 411 623 490 finitum,
659 431 780 472 nec
825 407 1041 472 hilum
1075 407 1344 497 quidem
1382 408 1602 473 infini-

236 505 415 570 tatis:
470 503 547 567 ab
593 502 863 566 Infinito
914 502 1093 565 enim
1135 501 1302 565 nihil
1346 502 1602 590 prodire

235 597 460 687 potest,
513 619 711 686 quam
762 594 1314 685 perfeetiffimum‚
1363 618 1483 659 nec
1534 597 1599 658 in

233 691 565 780 primitivo
600 689 846 779 aliquid
880 689 1022 766 effe,
1048 712 1243 776 quam
1281 687 1601 778 perfeetis-

237 787 494 862 fimum,
543 785 698 874 quia
762 783 1138 847 immediate
1188 785 1265 847 ab
1331 781 1601 848 Infinito

234 879 493 968 prodiit,
546 881 708 942 ratio
757 878 867 953 est,
919 877 1074 966 quia
1125 878 1169 941 fi
1228 900 1433 942 nexus
1500 877 1598 954 fit,

234 989 394 1037 tunc
428 971 743 1061 quicquid
777 972 844 1035 in
889 972 1220 1060 primitivo
1254 971 1344 1035 est
1387 969 1594 1059 perfe-

234 1067 608 1146 ffiffimum,
634 1066 762 1130 hoc
796 1068 862 1130 in
885 1063 1070 1130 causa
1098 1066 1188 1129 est
1211 1065 1559 1129 Infinitum
1582 1091 1597 1140 ;

237 1161 319 1224 fic
342 1183 462 1224 nec
483 1161 670 1224 datur
692 1160 938 1249 aliquid
961 1160 1027 1222 in
1050 1160 1406 1248 primitivo,
1422 1159 1602 1248 quod

235 1277 368 1318 non
403 1256 669 1318 traxerit
704 1269 776 1318 ut
808 1251 1340 1342 perfeetiffimum
1376 1254 1452 1318 ab
1490 1255 1601 1316 In-

235 1348 422 1412 finito
445 1375 461 1425 ;
514 1347 1042 1437 perfeetiffimum
1072 1348 1389 1437 primitivi
1415 1348 1482 1411 in
1506 1348 1600 1410 in-

235 1465 508 1506 numera
534 1443 708 1531 quafi
745 1439 1055 1529 distingui
1087 1442 1317 1531 potest,
1355 1443 1422 1506 in
1459 1442 1600 1529 qui-

237 1536 353 1600 bus
404 1533 645 1600 scilicet
694 1534 1227 1625 perfeetiffimum
1278 1535 1597 1612 consistat,

234 1652 377 1718 quae
422 1631 644 1694 omnia
687 1632 754 1695 in
799 1627 986 1694 causa
1031 1627 1177 1693 sunt
1226 1630 1501 1707 infinita,
1539 1632 1602 1694 &

235 1747 376 1812 quae
429 1725 513 1788 fic
565 1747 697 1788 non
748 1739 1136 1813 repugnant,
1190 1739 1260 1787 ut
1311 1724 1370 1787 ei
1419 1724 1601 1788 finite

234 1818 626 1893 tribuantur,
664 1819 961 1908 quamvis
1009 1817 1184 1881 nulla
1221 1817 1406 1881 detur
1442 1818 1602 1881 ratio

233 1911 335 1975 vel
352 1912 610 1975 nullum
624 1912 848 1976 fimile.
905 1912 1194 1976 Ponatur
1207 1912 1424 2000 itaque
1435 1911 1600 1998 jam,

234 2007 411 2093 quod
446 2005 608 2070 illud
641 2006 1052 2095 primitivum
1080 2006 1154 2069 fit
1188 2006 1367 2069 finite
1400 2003 1602 2094 perfe-

235 2101 606 2175 ffiffimum,
645 2115 716 2163 ut
749 2098 1092 2189 perfeetius
1127 2098 1262 2163 dari
1299 2115 1599 2187 nequeat,

235 2197 298 2262 ὅτ
338 2195 692 2272 videamuS,
729 2217 808 2258 an
859 2194 1083 2258 omnia
1128 2190 1460 2282 sequentia
1501 2194 1601 2256 vel

238 2289 583 2354 derivativa
608 2288 843 2377 poffint
877 2286 997 2351 effe
1031 2288 1227 2351 etiam
1252 2288 1431 2351 finite
1464 2310 1602 2376 per-

238 2382 591 2460 feetiffima,
626 2382 728 2447 vel
763 2405 844 2446 an
889 2382 1297 2471 primitivum
1349 2380 1474 2445 hoc
1508 2377 1603 2444 so-

239 2476 582 2540 lummodo
627 2476 813 2565 poffit
857 2475 976 2539 effe
1018 2475 1198 2539 finite
1231 2474 1603 2564 perfeetiffi-

240 2573 474 2634 mum?
524 2573 619 2634 Ut
641 2570 782 2657 jam
807 2570 1079 2658 juvetur
1105 2584 1454 2657 conceptus
1491 2592 1603 2632 no-

244 2662 383 2741 ster,
411 2665 609 2728 velim
634 2664 846 2728 statim
881 2687 1079 2728 unam
1116 2679 1366 2752 partem
1400 2661 1603 2750 perfe-

245 2759 474 2821 &ionis
499 2755 608 2821 seu
644 2757 835 2822 status
868 2756 1306 2847 perfeetiffimi
1340 2755 1605 2819 affume-

245 2874 332 2929 re,
370 2854 434 2916 &c
471 2852 528 2915 ei
575 2851 1036 2915 tantummodo
1079 2850 1412 2927 inhaerere,
1449 2851 1605 2914 mis-

247 2945 317 3009 fis
340 2946 500 3024 aliis,
531 2967 608 3008 ne
635 2942 1075 3009 diffundamus
1102 2945 1401 3008 animum
1429 2970 1444 3019 ;
1498 2966 1606 3006 ex-

873 3039 901 3101 Ι
946 3060 977 3125 3
1408 3037 1607 3127 empli
