2080 3424
535 207 620 292 48
895 206 1047 295 Cap.
1084 207 1138 270 Ι.
1174 205 1276 270 De
1309 204 1557 292 Infinita

534 341 736 406 finem
792 337 1228 429 conspirarent
1276 342 1340 406 ὅτ,
1389 339 1897 403 concomitaren-

535 450 662 511 tur,
716 434 829 498 nifi
882 432 1110 498 adesset
1159 434 1225 497 in
1274 434 1488 522 primo
1553 433 1687 520 ejus
1751 446 1898 496 ente

534 528 835 618 ipfiffima
868 527 976 591 illa
997 524 1203 603 causa,
1227 549 1368 615 quae
1390 525 1672 591 derivata
1694 526 1761 589 in
1789 548 1898 589 en·

533 623 621 686 tia
667 620 1006 686 succeffive
1039 621 1389 709 compofita
1434 643 1547 708 per
1595 620 1902 684 continu-

535 739 650 779 um
700 730 996 779 tenorem
1030 714 1355 778 mundum
1391 714 1497 794 fle,
1535 735 1667 778 non
1716 712 1899 778 aliter

534 809 952 899 perficerent:
1008 807 1051 871 fi
1103 807 1318 896 itaque
1352 806 1486 871 haec
1521 808 1715 872 etiam
1749 805 1900 870 fuis-

536 901 676 967 sent
710 903 777 966 in
810 902 1024 991 primo
1047 901 1159 965 illo
1183 915 1349 977 ente,
1376 899 1663 989 sequitur
1687 901 1898 964 omni-

535 1019 646 1070 n0,
682 997 860 1084 quod
894 1017 1025 1059 non
1060 994 1179 1058 alia
1211 1018 1412 1083 quam
1446 994 1697 1059 infinita
1741 991 1899 1083 sapi-

536 1091 708 1154 entia
757 1088 875 1152 effe
924 1088 1228 1177 potuerit,
1264 1111 1343 1151 ex
1379 1110 1507 1176 qua
1543 1111 1674 1151 non
1723 1087 1898 1151 aliud

536 1182 910 1247 immediate
943 1205 1143 1270 quam
1177 1180 1707 1270 perfectissimum
1755 1203 1898 1270 pro-

537 1278 743 1354 diret3
796 1273 1085 1364 sequitur
1118 1277 1335 1350 etiam,
1373 1274 1549 1362 quod
1584 1276 1648 1339 in
1684 1276 1899 1364 primo

535 1371 647 1436 illo
674 1371 754 1434 fic
780 1369 999 1434 omnia
1019 1367 1260 1432 fuerint
1285 1366 1610 1458 praesentia
1635 1372 1698 1434 &
1718 1368 1895 1457 quafi

537 1467 683 1529 aestu
719 1462 1144 1538 inexistentia,
1168 1485 1310 1551 quae
1343 1459 1629 1551 respedffl
1651 1477 1898 1551 tempo-

538 1559 621 1622 ris
643 1557 861 1622 futura
884 1556 1077 1622 effent
1100 1583 1115 1633 ;
1166 1556 1454 1646 sequitur
1475 1558 1692 1634 etiam,
1719 1555 1897 1645 quod

537 1651 871 1716 indefinita
919 1649 1226 1740 perfed'cio
1290 1650 1742 1715 consideranda
1799 1650 1893 1726 fit,

537 1749 600 1812 &
633 1745 809 1834 quod
843 1745 991 1809 inde
1025 1767 1100 1808 eo
1136 1745 1364 1809 melius
1397 1742 1709 1808 elucescat
1745 1743 1895 1807 Infi-

537 1841 659 1905 niti
692 1838 1059 1904 existentia:
1114 1861 1232 1902 nec
1253 1853 1469 1902 tamen
1493 1839 1578 1902 ita
1611 1861 1645 1901 a
1666 1839 1896 1902 verita-

537 1950 600 1998 te
634 1933 936 1997 abludere
970 1932 1096 1996 hoc
1117 1931 1390 2008 videtur,
1419 1947 1740 2018 quantum
1768 1930 1893 1995 for-

537 2027 703 2091 taffis
734 2026 942 2115 prima
988 2027 1052 2090 δε
1098 2025 1223 2089 levi
1257 2024 1757 2089 confideratione
1791 2049 1894 2114 ap-

535 2135 830 2210 parenter
854 2119 1180 2194 videatur3
1235 2142 1386 2182 nam
1420 2141 1454 2182 a
1488 2119 1671 2183 nullo
1705 2142 1895 2208 nega-

539 2233 664 2291 tur,
687 2213 847 2302 quin
871 2213 1092 2276 omnia
1128 2214 1274 2276 Deo
1299 2213 1365 2276 in
1400 2213 1609 2301 prima
1629 2214 1894 2276 creatio-

537 2331 619 2372 ne
691 2304 1015 2396 praesentia
1092 2304 1353 2382 fuerint,
1420 2305 1654 2394 pariter
1730 2308 1893 2395 quin

535 2403 758 2465 omnia
789 2399 1166 2489 praeviderit,
1188 2402 1251 2466 δε
1270 2400 1431 2488 quin
1457 2398 1668 2463 statim
1696 2402 1893 2464 etiam

538 2495 605 2559 in
640 2494 940 2558 omnibus
973 2493 1358 2582 providerit3
1410 2496 1473 2559 &
1498 2491 1892 2582 consequen-

536 2604 633 2652 ter
667 2589 749 2652 fic
783 2587 1006 2651 omnia
1037 2586 1432 2662 formaverit,
1462 2602 1534 2652 ut
1569 2587 1646 2651 ad
1679 2588 1892 2677 ipfiffi-

535 2705 724 2746 mum
753 2682 948 2746 finem
961 2682 1136 2768 quafi
1158 2678 1380 2769 sponte
1403 2681 1701 2745 fluerent:
1739 2705 1893 2746 nam

537 2799 669 2840 non
705 2775 915 2864 potuit
948 2798 1148 2863 quam
1186 2774 1714 2863 perfeetiffimum
1749 2775 1890 2850 effe,

535 2869 714 2959 quod
747 2868 1119 2933 immediate
1166 2868 1590 2957 produceret3
1642 2872 1706 2934 ὅτ,
1739 2892 1895 2933 con-

1628 2960 1894 3051 sequen-
