2080 3424
328 257 684 350 operationis
708 260 927 325 animae
961 258 1032 323 &³
1063 259 1348 349 corporis.
1461 282 1583 348 193

218 419 349 486 que
389 395 650 460 interire
689 409 994 482 nequeat,
1032 395 1148 458 nifi
1189 394 1590 459 annihiletur

222 487 635 565 universum3
685 489 921 577 pariter
946 488 1124 574 quod
1157 489 1245 551 ita
1279 503 1490 552 creata
1526 492 1590 554 δε

221 582 496 647 formata
523 583 620 657 fit,
657 597 731 646 ut
776 581 1045 670 incipiat
1086 582 1299 645 vivere
1343 583 1411 645 in
1453 605 1590 646 cor-

220 699 395 766 pore,
424 673 530 740 sed
565 675 743 765 quod
776 672 1016 739 nesciat
1050 676 1259 752 mori;
1314 679 1378 741 ὃς
1411 675 1592 764 quod

222 770 596 835 naturaliter
639 768 1025 859 impoffibile
1076 769 1173 850 fit,
1226 786 1300 833 ut
1356 771 1594 833 moria-

222 879 368 941 tur;
419 863 598 953 quod
624 887 745 928 nec
770 863 912 927 laedi
939 862 1124 951 poffit
1156 864 1235 928 ab
1271 864 1446 952 igne,
1472 886 1593 928 nec

223 957 302 1020 ab
350 981 513 1034 aere,
569 980 688 1022 nec
738 957 813 1022 ab
860 956 1116 1035 aethere,
1166 980 1284 1021 nec
1337 957 1416 1022 ab
1469 958 1594 1021 ele-

223 1052 460 1115 mentis
498 1051 712 1116 adhuc
745 1048 1204 1117 subtilioribus,

321 1239 509 1318 Dixi,
546 1239 722 1328 quod
767 1238 1055 1303 animam
1100 1238 1412 1304 haetenus
1444 1262 1599 1303 con-

227 1332 638 1398 fideraverint
701 1348 775 1398 ut
845 1356 955 1397 ens
1024 1333 1214 1423 plane
1286 1332 1597 1422 ignotiffi-

228 1450 440 1503 mum,
466 1430 530 1492 &
552 1442 863 1516 tanquam
887 1427 1191 1516 ignotum
1214 1426 1598 1491 mansurum

229 1517 433 1608 usque
467 1520 546 1584 ad
587 1521 788 1585 finem
833 1523 1087 1600 mundi,
1124 1522 1227 1587 vel
1270 1519 1473 1609 usque
1520 1520 1599 1585 ad

228 1614 429 1678 finem
464 1616 630 1693 vitae,
660 1615 786 1679 five
819 1612 1024 1704 usque
1058 1616 1218 1679 dum
1254 1617 1472 1679 anima
1505 1613 1600 1679 so-

229 1708 365 1771 luta
398 1732 433 1772 e
468 1731 735 1798 corpore
778 1707 840 1772 se
886 1711 1150 1774 tandem
1194 1709 1460 1774 fortaffis
1494 1733 1599 1773 co-

229 1799 590 1890 gnosceret,
633 1818 946 1892 tanquam
998 1827 1134 1881 nos,
1179 1802 1600 1892 nosmetipsos

228 1917 342 1984 per
367 1893 619 1962 sensus:
675 1921 883 1985 quum
917 1898 1135 1986 itaque
1163 1899 1344 1962 illam
1384 1913 1455 1961 ut
1490 1920 1600 1961 ens

228 1990 705 2078 ignotiffimum
728 1990 1288 2068 confideraverint‚
1313 1994 1376 2056 &3
1399 1989 1601 2080 usque

230 2083 827 2164 animadverterint,
864 2085 1043 2149 illam
1091 2086 1158 2149 in
1205 2108 1437 2175 corpus
1479 2109 1601 2149 no-

230 2175 430 2241 strum
465 2177 926 2243 mechanicum
961 2180 1211 2269 operari
1250 2203 1383 2244 non
1420 2180 1603 2243 aliter

231 2293 305 2334 ac
336 2271 511 2336 aliud
536 2271 1021 2349 mechanicum,
1051 2277 1115 2340 ὃς
1149 2273 1299 2337 inde
1333 2273 1603 2338 conclu-

231 2361 451 2444 serint,
488 2366 608 2431 effe
648 2390 898 2432 nexum
943 2370 1227 2457 corporis
1274 2371 1337 2434 &
1373 2369 1604 2432 animae

232 2458 453 2532 talem,
479 2475 551 2524 ut
577 2483 807 2550 corpus
835 2462 965 2526 fine
1000 2464 1216 2526 anima
1250 2461 1415 2527 nihil
1451 2486 1602 2550 age-

234 2573 300 2615 re
326 2553 532 2640 poffit,
559 2555 718 2642 quin
746 2556 920 2644 prius
948 2557 1238 2620 retulerit
1265 2579 1462 2620 omne
1494 2554 1603 2618 su-

236 2667 349 2708 um
384 2648 711 2734 agendum
755 2647 958 2737 usque
1003 2650 1080 2714 ad
1115 2651 1414 2714 animam
1460 2664 1604 2713 tan-

235 2762 435 2827 quam
470 2757 811 2819 centrum;
863 2767 1073 2832 quum
1102 2745 1298 2808 etiam
1324 2744 1604 2807 viderint

236 2832 640 2898 voluntatem
709 2858 840 2900 non
910 2839 1099 2902 unice
1156 2837 1512 2926 dependere
1572 2859 1606 2899 a

236 2947 524 3016 corpore,
560 2924 667 2991 sed
710 2929 898 2994 fimul
948 2932 1024 2995 ab
1074 2931 1312 3007 anima,
1353 2931 1475 2994 five
1522 2952 1603 2992 ex

893 3026 960 3088 N
1444 3025 1607 3086 utri-
