2080 3424
329 313 686 406 operationis
717 312 936 378 animae
962 312 1032 378 &³
1064 314 1348 403 corporis.
1450 335 1578 402 203

218 455 282 518 &
327 449 723 542 perfeetiore,
774 452 838 515 δε
887 471 1118 537 corpus
1165 449 1233 512 in
1284 448 1585 538 imperfe-

220 547 438 622 chore,
473 541 788 632 sequitur,
827 565 945 606 nec
987 543 1166 607 illam
1210 543 1584 606 mutationi-

220 640 338 703 bus
372 641 458 702 ita
484 638 840 701 obnoxiam
867 634 986 700 effe
1012 636 1206 724 poffe,
1231 651 1422 724 prout
1447 659 1585 725 par-

220 750 311 797 tes
343 752 662 820 corporeae
708 730 1064 794 craffiores:
1117 730 1351 818 pariter
1401 746 1585 794 natu-

219 850 301 890 rae
332 824 829 889 immutabiliori
863 825 931 888 in
966 845 1042 887 eo
1075 826 1271 887 etiam
1309 823 1586 887 fimilem

220 919 360 996 effe,
385 935 458 983 ut
483 934 615 983 tam
643 940 851 1006 agere,
879 940 1079 1007 quam
1112 919 1246 1006 pati
1278 932 1498 1006 queat,
1522 921 1587 984 δε

221 1010 283 1076 se
316 1036 470 1077 cum
496 1012 749 1077 entibus
784 1011 954 1075 illius
990 1026 1227 1075 naturae
1260 1012 1588 1076 omnimo-

221 1108 299 1171 de
332 1105 764 1183 conformare,
792 1107 856 1170 δε
885 1106 1261 1170 mutationis
1296 1106 1589 1170 fimiliter

222 1201 762 1264 immuniffimam
790 1197 851 1262 se
874 1197 1097 1265 fistere.
1172 1201 1295 1263 Per
1315 1197 1479 1288 ipsos
1500 1198 1589 1263 ef-

221 1293 422 1358 fedtus
468 1295 535 1357 in
585 1315 851 1382 corpore
900 1291 1213 1358 exstantes
1260 1294 1436 1357 idem
1485 1317 1590 1358 co-

223 1386 577 1476 gnoscitur.
663 1387 843 1451 Nam
879 1410 959 1450 ex
998 1409 1171 1450 nexu
1207 1386 1590 1452 harmonico

223 1482 507 1570 partium
536 1481 929 1545 naturalium
956 1482 1160 1544 oritur
1188 1483 1378 1545 unice
1409 1504 1592 1545 amor

224 1574 333 1639 seu
360 1573 575 1639 sensus
600 1572 926 1638 delitiosus
949 1575 1204 1651 amori3‚
1229 1576 1344 1663 qui
1369 1577 1591 1664 purior

226 1667 316 1732 est
349 1670 414 1732 in
452 1685 678 1733 natura
702 1669 986 1756 puriori;
1039 1691 1222 1732 amor
1248 1669 1399 1732 inde
1431 1669 1591 1733 deri-

226 1777 412 1826 vatur
468 1786 581 1851 per
636 1784 883 1825 nexum
935 1763 1000 1825 in
1051 1778 1258 1851 partes
1308 1765 1591 1852 corporis

225 1856 545 1920 craffiores
580 1856 704 1920 five
731 1857 796 1919 in
824 1854 1154 1919 mundum
1181 1856 1314 1944 ejus
1349 1858 1591 1921 anima-

223 1949 354 2013 lem
389 1947 957 2038 imperfed'tiorem,
994 1949 1110 2037 qui
1142 1949 1395 2038 respicit
1428 1952 1591 2040 pari-

225 2059 322 2107 ter
360 2044 644 2107 eundem
689 2044 912 2119 finem,
958 2060 1028 2107 ut
1075 2043 1315 2108 scilicet
1361 2067 1592 2133 corpus

226 2137 422 2201 etiam
456 2137 654 2201 vitam
695 2139 1024 2225 quandam
1058 2152 1434 2226 perpetuam
1472 2155 1592 2203 tra-

227 2229 378 2307 hat3
454 2245 517 2295 at
569 2254 778 2320 quum
832 2230 957 2295 hoc
1008 2246 1233 2295 contra
1292 2247 1594 2297 naturam

229 2322 460 2388 mundi
494 2325 940 2401 mutabilioriS,
975 2325 1074 2412 cuj
1089 2347 1156 2389 us
1188 2347 1328 2413 pars
1361 2349 1591 2415 corpus

230 2415 344 2494 est,
380 2417 474 2495 fit,
516 2415 672 2482 hinc
726 2418 805 2482 ad
853 2418 1351 2508 perpetuitatem
1401 2418 1595 2508 spirat

229 2533 343 2599 per
390 2513 918 2618 propagationem
969 2510 1200 2576 sobolis
1251 2516 1312 2577 δε
1371 2536 1593 2602 reprae-

229 2601 655 2667 sentationem
686 2602 832 2669 sui
817 2628 884 2669 in
918 2605 1043 2669 alio
1076 2628 1156 2669 ex
1191 2603 1254 2669 se
1289 2607 1591 2687 oriund0,

230 2697 297 2760 in
315 2718 448 2785 quo
470 2696 670 2761 veluti
691 2699 900 2762 vivere
923 2699 1210 2788 incipiat,
1227 2723 1438 2788 quum
1462 2699 1592 2789 ipse

231 2789 495 2853 definit.
548 2788 677 2855 hoc
722 2814 852 2855 non
899 2814 1074 2856 mere
1119 2817 1152 2856 a
1188 2815 1455 2882 corpore
1489 2817 1593 2857 ve-

234 2882 372 2946 nire
406 2882 631 2988 potest,
661 2885 775 2949 nifi
802 2882 987 2948 causa
1014 2889 1077 2951 δε
1108 2887 1294 2991 origo
1326 2887 1593 2975 praeexi-

234 2975 392 3041 stat
376 2998 438 3039 m
469 2977 724 3054 anima;
780 3001 900 3043 nec
926 2978 1004 3043 ab
1032 2980 1247 3044 anima
1273 2980 1338 3043 in
1367 3003 1593 3069 corpus

1324 3072 1591 3139 derivari
