2080 3424
341 276 699 369 operationis
730 275 953 342 animae
987 276 1058 342 δέ’
1090 277 1370 369 corporis.
1482 301 1505 342 1
1523 301 1607 366 99

244 416 593 507 imperium
645 414 780 502 ejus
838 414 922 478 fic
979 411 1322 501 agnoscere
1379 429 1606 503 potue-

242 527 420 575 rant:
483 509 638 574 hinc
677 531 887 597 quum
930 508 1170 571 vellent
1215 509 1604 588 ratiocinari,

242 604 446 693 qualis
480 603 575 680 fit,
610 605 674 667 ὃῑ
719 625 852 666 non
886 601 1234 690 potuiffent
1268 603 1344 665 ad
1380 604 1604 691 cogni-

241 699 488 761 tionem
528 696 769 772 venire,
812 696 994 760 illam
1036 709 1109 759 ut
1153 694 1416 759 dubiam
1465 697 1607 760 reli-

240 806 531 879 querant,
578 793 644 856 &
695 788 1097 878 quia-facilis
1151 792 1215 854 ὃς
1267 790 1606 878 proximus

239 885 535 949 tranfitus
562 908 596 948 a
622 883 823 948 dubio
859 898 970 947 aut
1006 884 1372 972 ignorantia
1405 883 1495 947 est
1529 883 1608 948 ad

239 980 680 1067 negationem,
727 977 883 1042 hinc
935 977 1116 1042 illam
1168 978 1359 1041 tacite
1417 1000 1609 1065 nega-

238 1087 403 1150 rant,
438 1075 503 1138 &
543 1095 765 1147 omne,
800 1071 981 1160 quod
1026 1072 1094 1134 in
1132 1093 1400 1160 corpore
1435 1071 1606 1148 effet,

239 1166 429 1230 tacite
479 1166 776 1230 dixerant
830 1164 951 1228 effe
1002 1164 1360 1245 materiale,
1412 1167 1476 1230 δε
1525 1166 1610 1229 fic

239 1282 391 1323 cum
427 1282 693 1349 corpore
719 1260 1156 1323 moriturum:
1212 1259 1370 1323 adeo
1408 1275 1479 1323 ut
1513 1259 1609 1322 in-

239 1369 335 1417 ter
391 1351 987 1460 demiphilosophos
1038 1353 1423 1442 perplurimi
1470 1352 1609 1417 fue-

239 1448 390 1525 rint,
413 1450 530 1537 qui
554 1448 634 1512 ad
660 1448 1015 1512 minimum
1041 1447 1306 1510 dubiam
1331 1447 1513 1510 illam
1537 1449 1609 1512 fi-

239 1542 306 1604 bi
338 1539 642 1618 facerent,
671 1542 845 1605 unde
869 1539 1186 1646 aspirante
1213 1541 1490 1604 minima
1516 1564 1609 1605 ra-

236 1635 658 1699 tiocinatione
709 1635 895 1699 facile
944 1636 1013 1699 in
1062 1633 1448 1698 sententiam
1502 1658 1611 1698 ne-

237 1730 521 1817 gativam
547 1729 818 1819 prolapsi
845 1726 1015 1792 sunt.
1088 1727 1403 1793 Naturale
1428 1729 1607 1793 enim

239 1822 353 1900 est,
399 1825 578 1911 quod
626 1824 818 1912 plane
867 1823 1267 1911 ignoramuS‚
1322 1838 1394 1886 ut
1443 1822 1609 1887 illud

239 1916 340 1979 vel
366 1932 676 2006 tanquam
704 1918 1009 2006 ignotum
1035 1914 1480 2004 agnoscamuS,
1506 1917 1607 1982 vel

237 2011 282 2075 fi
318 2033 451 2075 non
478 2011 945 2076 evidentiffima
970 2007 1156 2074 causa
1182 2010 1256 2074 fit
1283 2034 1425 2099 quae
1457 2034 1610 2074 con-

239 2105 477 2186 firmet,
533 2121 606 2170 ut
653 2104 838 2169 dubii
884 2104 1260 2181 haereamUS,
1314 2127 1433 2168 nec
1482 2104 1608 2169 fide

237 2198 887 2287 comprehendamus,
940 2197 1441 2262 dissuadentibus
1497 2199 1609 2262 ali-

239 2291 472 2379 quibus
517 2293 1034 2357 circumstantiis.
1139 2293 1381 2379 Qum
1413 2293 1610 2357 etiam

241 2400 562 2450 verterent
594 2383 657 2450 se
692 2388 767 2451 ad
802 2386 1106 2451 animalia
1140 2387 1409 2475 reliqua,
1437 2387 1609 2451 vide-

242 2494 409 2558 rant,
436 2479 613 2569 quod
647 2479 755 2544 illa
789 2478 1070 2546 senfibus
1103 2481 1339 2568 pariter
1372 2480 1608 2569 gaude-

242 2588 407 2650 rent,
462 2577 526 2638 &
579 2574 887 2662 qualitate
940 2573 1220 2650 videndi,
1276 2574 1605 2648 audiendi,

241 2664 561 2754 gustandi,
613 2665 954 2732 olfaciendi
1004 2671 1067 2733 δε
1126 2667 1414 2755 pluribus
1472 2668 1607 2732 aliis

241 2759 579 2864 pollerent,
612 2782 754 2848 quae
797 2783 952 2825 cum
996 2760 1266 2825 homine
1308 2784 1608 2825 commu-

245 2853 351 2916 nia
391 2853 550 2916 fint.
603 2876 814 2941 quum
853 2855 1158 2919 interiora
1190 2855 1604 2933 rimarentur,

244 2945 534 3011 viderant
579 2947 774 3011 etiam
826 2948 1099 3012 eandem
1149 2946 1281 3013 fere
1319 2946 1608 3013 constru-

854 3041 923 3105 N
957 3062 1001 3124 4
1452 3043 1608 3107 ctio-
