2080 3424
440 212 524 297 56
788 216 946 304 Cap.
985 217 1040 280 I.
1077 214 1181 279 De
1213 216 1464 304 Irgfim'to

531 344 757 436 Ipsum
793 347 1135 412 hominem
1173 351 1478 416 novimus
1512 368 1806 418 creatum

437 439 557 504 effe
592 442 659 504 in
695 442 884 507 illum
907 443 1134 519 finem,
1161 459 1235 508 ut
1269 444 1502 510 delitiis
1536 447 1809 511 munda-

438 534 533 598 nis
576 533 919 613 frueretur,
973 553 1045 600 ut
1089 538 1428 626 poffideret
1474 563 1627 604 cum
1683 538 1808 605 suis

435 627 700 716 posteris
728 631 1027 694 tellurem
1055 659 1067 696 :
1123 629 1432 721 sapientia
1459 637 1521 698 ὅς
1547 636 1709 698 ratio
1745 635 1806 698 ei

437 722 582 786 data
607 722 717 799 est,
741 739 812 787 ut
840 722 1025 788 sciret
1054 728 1335 790 venerari
1363 730 1427 792 δε
1452 728 1661 791 colere
1690 752 1807 793 nu-

438 838 591 880 men
628 817 986 895 infinitum,
1013 835 1085 883 ut
1112 842 1189 883 eo
1223 821 1454 885 melius
1487 819 1672 886 sciret
1708 825 1805 888 uti

437 908 669 973 delitiis
696 910 1070 989 mundaniS,
1096 929 1167 978 ut
1195 914 1278 977 fic
1311 915 1519 1003 magis
1554 916 1806 982 delitio-

436 999 504 1066 so
553 1004 817 1069 illarum
868 1003 1051 1071 sensu
1102 1008 1432 1096 gauderet,
1493 1026 1566 1074 ut
1618 1009 1805 1075 sciret

434 1098 796 1163 mundanas
836 1100 1081 1164 delitias
1130 1100 1368 1166 iociare
1414 1127 1567 1166 cum
1605 1105 1802 1168 coele-

435 1191 660 1256 stibus:
699 1193 895 1257 etiam
921 1210 990 1258 ut
1013 1195 1257 1284 aliquid
1282 1196 1534 1260 adhuc
1518 1220 1583 1260 1n
1607 1221 1806 1262 mun-

436 1285 519 1348 do
546 1287 906 1374 perficeret,
931 1289 1108 1376 quod
1146 1291 1274 1354 fine
1309 1307 1457 1354 ente
1490 1292 1806 1358 materiali

434 1382 498 1444 &
542 1381 776 1445 talibus
828 1384 1055 1446 mediis
1103 1383 1324 1472 perfici
1375 1407 1507 1448 non
1558 1385 1801 1491 pqffet:

434 1474 716 1563 denique
754 1490 825 1538 ut
862 1476 1172 1566 inciperet
1207 1478 1419 1542 vivere
1454 1475 1561 1543 seu
1600 1481 1799 1544 vitam

431 1567 709 1645 trahere,
742 1592 886 1657 quae
925 1572 1071 1634 dein
1109 1567 1497 1661 sempiterna
1533 1571 1702 1651 effet,
1738 1577 1804 1640 &

432 1660 704 1727 nesciret
726 1665 919 1744 mori,
949 1680 1022 1728 ut
1049 1665 1131 1729 fic
1159 1667 1544 1755 angelorum
1567 1690 1801 1732 nume-

431 1779 579 1820 rum
603 1773 888 1845 augeret.
993 1760 1220 1847 thue
1243 1761 1320 1825 ad
1344 1760 1460 1825 hos
1486 1761 1642 1825 fines
1661 1785 1802 1850 per-

431 1852 678 1915 veniret
728 1851 960 1930 homO,
1011 1854 1235 1918 datum
1287 1853 1377 1918 est
1426 1856 1480 1918 ei
1541 1877 1800 1944 corpuS,

432 1947 496 2009 &
517 1945 676 2009 datae
702 1944 852 2009 sunt
872 1949 1127 2035 corpori
1152 1963 1379 2037 partes,
1409 1971 1551 2036 quae
1574 1971 1802 2015 omnes

430 2040 498 2102 in
549 2040 831 2102 eundem
886 2041 1086 2103 finem
1137 2039 1619 2130 conspirarent3
1682 2043 1799 2107 da-

431 2147 576 2196 tum
627 2134 685 2196 ei
718 2133 806 2196 est
839 2149 1033 2222 caput
1067 2157 1223 2199 cum
1257 2136 1542 2212 cerebrO,
1577 2138 1638 2200 δε
1672 2136 1799 2202 hoc

431 2226 669 2289 iterum
692 2227 1034 2315 praeditum
1057 2225 1358 2303 senfibuS‚
1376 2231 1440 2294 δε
1465 2230 1535 2293 hi
1558 2231 1795 2298 anima.

521 2321 979 2384 Praetereamus
993 2322 1117 2386 offa
1131 2324 1331 2386 cranii
1348 2346 1463 2411 pro
1482 2324 1721 2389 tuenda
1736 2328 1799 2391 &

431 2411 865 2478 conservanda
882 2416 1070 2504 ipfius
1084 2416 1326 2480 cerebri
1342 2416 1667 2495 machina,
1682 2442 1797 2508 pa-

431 2508 585 2571 riter
628 2523 1077 2597 praetereamus
1125 2526 1506 2599 tegumenta
1540 2513 1798 2592 offium,

430 2617 502 2665 ut
546 2602 927 2681 cuticulam,
963 2618 1208 2684 cutem,
1246 2605 1661 2693 periosteum,
1698 2609 1798 2697 pi-

427 2695 557 2761 los:
611 2699 675 2762 ὅτ,
717 2695 792 2759 ad
840 2697 1143 2761 interiora
1187 2698 1321 2785 ejus
1358 2722 1470 2763 nos
1506 2700 1798 2765 confera-

427 2813 596 2868 mus,
644 2790 756 2854 ubi
802 2790 1012 2854 statim
1061 2793 1341 2855 occurrit
1388 2794 1795 2874 membrana,

430 2886 653 2949 DURA
678 2885 962 2949 MATER
976 2885 1163 2962 dicta,
1177 2908 1257 2949 ex
1283 2886 1456 2951 fibris
1478 2888 1796 2953 tendineis

1501 2982 1795 3047 constans
