2080 3424
457 201 540 266 86
793 203 948 291 Cap.
988 204 1043 266 I.
1084 201 1190 266 De
1222 201 1470 289 Infinita

544 335 652 400 Ne
675 350 892 402 tamen
913 337 1156 425 aliquid
1180 360 1296 425 pro
1318 352 1494 400 certo
1516 335 1814 412 statuam,

449 429 628 518 quod
677 432 911 495 rationi
964 433 1027 495 δε
1079 429 1502 520 philosophiae
1547 428 1815 493 fortaffis

449 545 582 587 non
618 539 753 588 tam
787 525 955 588 clare
991 526 1356 604 conveniat,
1380 527 1444 589 &
1467 546 1547 587 ne
1569 522 1815 612 aliquid

447 617 578 681 fine
612 619 1160 682 demonstratione
1194 619 1425 707 praevia
1464 617 1815 681 immature

447 711 771 800 arripiam,
806 713 1004 776 velim
1041 712 1116 775 ad
1152 728 1411 800 tempus
1434 711 1672 776 abhinc
1695 711 1814 774 dis-

446 804 696 881 cedere,
749 809 811 871 &
851 829 958 869 me
1004 829 1158 870 cum
1208 806 1331 870 illis
1383 804 1812 881 conformare,

445 899 560 985 qui
595 898 723 963 hoc
745 900 1034 964 statuunt
1057 922 1189 964 non
1213 898 1641 988 spontaneum
1669 898 1813 977 effe,

444 992 550 1055 sed
608 993 728 1056 effe
787 992 1092 1057 effectum
1148 996 1378 1057 animae
1436 993 1810 1056 admirantis

442 1086 842 1165 universum,
878 1085 986 1151 seu
1022 1085 1526 1176 obstupescentis
1553 1086 1813 1149 mirabi—

443 1179 528 1242 lia
550 1197 810 1257 naturae,
836 1182 936 1245 vel
958 1181 1154 1245 etiam
1176 1181 1554 1269 ignorantiS,
1577 1203 1659 1243 ex
1680 1203 1816 1269 quo

443 1271 626 1337 sonte
662 1275 810 1339 talia
860 1278 1168 1351 veniant;
1221 1274 1396 1337 idem
1432 1273 1575 1338 finis
1611 1269 1816 1362 usque

441 1368 795 1445 obtinetur,
832 1370 1008 1456 quod
1044 1367 1284 1433 scilicet
1318 1369 1392 1432 fit
1425 1368 1655 1432 tacitus
1678 1367 1815 1431 ani-

439 1483 561 1524 mae
594 1459 958 1540 consensus,
994 1463 1114 1527 effe
1163 1464 1389 1526 Deum
1419 1488 1435 1539 ;
1499 1462 1577 1525 ad
1617 1460 1814 1525 mini-

439 1577 629 1618 mum
664 1556 879 1620 existit
919 1557 1058 1621 talis
1100 1557 1466 1621 animarum
1500 1553 1714 1619 sensus
1746 1557 1811 1620 ὅτ,

438 1646 780 1714 consensus
831 1673 913 1714 ex
965 1648 1096 1739 ipsa
1151 1666 1378 1714 natura
1429 1672 1542 1740 per
1598 1645 1812 1712 sensus

436 1742 688 1820 vifibili,
720 1744 787 1808 in
824 1768 954 1832 qua
980 1743 1246 1808 effectus
1272 1744 1475 1808 divini
1500 1741 1808 1817 existunt,

437 1838 499 1900 &
558 1839 623 1899 in
683 1861 968 1925 quorum
1021 1861 1423 1927 unoquoque
1475 1835 1640 1901 nihil
1690 1835 1803 1915 est,

437 1931 616 2016 quod
663 1954 794 1994 non
845 1933 1149 1995 admirari
1193 1934 1258 1997 ὅτ,
1304 1928 1648 2019 agnoscere
1700 1930 1810 1993 de-

438 2023 706 2087 beamus
759 2047 838 2088 ex
880 2024 1062 2089 fonte
1114 2025 1375 2088 infinito
1427 2024 1805 2113 provenire:

439 2139 518 2178 ex
556 2118 984 2182 admiratione
1024 2119 1219 2181 totius
1252 2120 1316 2183 &
1360 2119 1665 2206 partium,
1702 2140 1810 2180 ex-

434 2233 562 2297 que
621 2210 880 2299 stupore
933 2209 1381 2299 cujuscunque
1433 2212 1546 2288 rei,
1607 2233 1809 2299 quam

433 2301 646 2367 sensus
681 2306 870 2393 capit,
907 2308 970 2370 &
1017 2305 1179 2369 ratio
1226 2327 1357 2368 non
1410 2306 1593 2369 novit
1651 2327 1806 2367 cau-

434 2395 547 2474 saS,
572 2395 678 2460 sed
714 2397 922 2462 nescia
949 2399 1321 2475 admiratur,
1351 2414 1574 2462 tamen
1602 2396 1806 2486 usque

432 2514 545 2580 per
586 2489 648 2554 se
683 2494 747 2556 ὃς
797 2493 1008 2569 tacite,
1047 2493 1147 2556 vel
1196 2515 1310 2581 per
1358 2492 1692 2556 ratiocinia
1741 2493 1806 2556 &

432 2607 565 2648 non
600 2586 788 2649 tacite
832 2586 1094 2649 deducit
1136 2588 1200 2652 δε
1251 2586 1606 2661 concludit,
1643 2586 1804 2649 divi-

433 2702 598 2742 num
661 2679 821 2756 effe3
894 2677 1119 2768 sponte
1177 2679 1328 2742 dein
1386 2678 1702 2768 sequitur,
1758 2679 1803 2743 fi

432 2772 825 2837 concludant
869 2772 996 2837 hoc
1042 2773 1341 2837 divinum
1389 2772 1531 2848 effe,
1568 2771 1687 2837 effe
1723 2773 1802 2836 ad

432 2867 790 2931 minimum
843 2867 988 2946 tale,
1057 2882 1127 2932 ut
1182 2867 1369 2956 poffit
1433 2865 1585 2945 hoe,
1646 2867 1800 2954 quia

1610 2959 1797 3038 illud,
