2080 3424
503 233 639 317 264
769 233 927 322 Cap.
966 234 1059 298 II.
1094 232 1199 296 De
1230 221 1616 317 mechanisma

500 369 754 447 nicum,
775 369 920 432 vide
947 369 1306 457 Principia3
1343 392 1487 458 quae
1514 369 1736 433 omnia
1763 390 1872 432 ex-

499 463 811 527 actisfime
855 464 1257 528 conveniunt
1302 486 1457 527 cum
1503 460 1870 551 descriptio-

500 579 582 621 ne
616 557 847 620 animae
872 554 1233 621 secundum
1261 557 1528 622 illorum
1555 571 1870 632 mentem,

499 651 614 739 qui
642 651 824 716 illam
851 674 985 715 non
1018 652 1420 715 materialem
1446 650 1554 716 sed
1578 649 1868 740 spiritua-

497 745 630 809 lem
664 745 874 810 dicere
908 760 1150 809 amant.

594 839 750 903 Hoc
774 838 1046 903 fortasfis
1072 838 1162 902 est
1197 837 1358 902 illud
1392 862 1635 927 purum
1659 842 1868 903 actua·
1924 849 1930 853 ’

498 933 558 997 le
584 935 649 999 δε
675 933 971 1022 fimplex,
1001 933 1178 1020 quod
1205 929 1527 1021 spiritibus
1552 937 1615 998 &
1639 934 1868 997 animis

498 1027 830 1105 tribuitur,
867 1027 1046 1114 quod
1078 1026 1282 1091 veluti
1327 1026 1465 1091 dari
1506 1027 1697 1116 posfit
1741 1027 1868 1091 fine

497 1122 925 1210 conceptione
960 1121 1204 1184 extenfi
1239 1135 1349 1184 aut
1376 1123 1726 1185 notionum
1751 1144 1868 1211 pu-

499 1239 567 1279 re
623 1214 1160 1280 mechanicarum
1189 1240 1203 1278 :
1280 1212 1388 1279 sed
1445 1213 1697 1279 dictum
1754 1213 1867 1295 est,

497 1310 675 1399 quod
705 1324 987 1398 nequeat
1013 1308 1146 1372 dari
1177 1309 1424 1373 actuale
1450 1309 1715 1374 finitum
1741 1309 1870 1374 fine

461 1447 463 1451 ι
500 1403 724 1479 modo,
762 1427 895 1468 non
936 1418 1197 1467 tantum
1243 1402 1580 1491 quomodo
1625 1404 1868 1468 actuale

498 1498 574 1563 fit
600 1501 665 1564 &
692 1498 831 1562 fieri
857 1497 1068 1587 posfit,
1094 1494 1202 1560 sed
1230 1498 1425 1562 etiam
1462 1497 1651 1586 quale
1678 1499 1776 1577 fit,
1805 1502 1869 1564 δε

496 1592 682 1680 cujus
714 1593 895 1656 modi
930 1606 1041 1656 aut
1075 1590 1572 1656 modificationis
1606 1593 1701 1670 fit,
1734 1607 1870 1657 tam

495 1709 609 1775 per
634 1682 720 1766 se,
746 1710 946 1775 quam
972 1708 1127 1750 cum
1154 1700 1454 1773 operatur
1479 1686 1542 1750 in
1570 1709 1666 1750 res
1691 1686 1871 1775 agni-

497 1796 586 1844 tas
618 1781 1016 1845 materiales:
1071 1778 1238 1843 nihil
1283 1781 1460 1844 enim
1501 1780 1766 1844 finitum
1801 1782 1870 1846 in

497 1875 793 1939 materias
827 1875 1035 1938 finitas
1069 1876 1319 1963 operari
1344 1873 1550 1963 potest
1574 1874 1704 1938 fine
1731 1897 1871 1939 mo-

497 1968 614 2047 dis,
643 1967 811 2032 nihil
844 1970 974 2033 fine
1008 1968 1372 2032 mutatione
1406 1968 1484 2032 ab
1511 1969 1744 2033 actuali
1766 1992 1871 2033 ve-

496 2063 739 2140 niente,
763 2086 884 2126 nec
909 2063 1042 2126 ulla
1066 2063 1345 2126 mutatio
1371 2062 1438 2126 in
1472 2063 1725 2151 pasfivis
1752 2063 1868 2127 nifi

496 2179 532 2220 a
578 2171 765 2220 motu
805 2157 999 2221 locali
1041 2156 1271 2231 activi3
1323 2152 1432 2219 sed
1475 2172 1693 2220 tamen
1741 2155 1870 2220 hoc

495 2273 657 2338 pure
691 2249 1155 2314 mechanicum
1190 2249 1301 2313 est.
1370 2251 1462 2314 At
1495 2273 1669 2330 ver0,
1693 2251 1870 2340 quod
1962 2288 1963 2292 =

497 2343 750 2407 Infiniti
784 2344 1229 2432 operationem
1262 2343 1331 2407 in
1376 2366 1683 2434 corporea
1716 2368 1869 2409 con-

496 2437 723 2514 cernit,
760 2439 1078 2526 praecipue
1125 2437 1574 2503 immediatam
1619 2439 1752 2527 ejus
1798 2439 1867 2502 in

494 2532 931 2621 primitivum,
961 2534 1025 2597 &
1052 2531 1201 2595 dein
1227 2532 1543 2620 primitivi
1576 2531 1868 2598 succesfi-

496 2649 574 2690 ve
599 2629 662 2691 &
688 2625 1067 2691 mechanice
1107 2626 1172 2689 in
1215 2623 1588 2691 substantias
1624 2626 1868 2691 deriva-

496 2734 612 2798 taS,
650 2720 812 2784 illud
847 2743 978 2784 non
1014 2720 1530 2809 comparandum
1574 2720 1664 2784 est
1708 2744 1866 2785 cum

495 2815 863 2878 actualitate
911 2813 1104 2893 dicta,
1138 2835 1288 2878 nam
1341 2837 1552 2878 unum
1600 2813 1864 2879 finitum

494 2906 606 2988 est,
648 2909 926 2973 alterum
976 2908 1338 2986 infinitum,
1381 2931 1500 2972 nec
1550 2923 1863 2998 tanquam

1751 3024 1864 3091 pel·
