2080 3424
488 237 559 302 &³
592 236 776 323 causa
785 236 981 323 finali
1007 233 1343 300 creationis.
1514 231 1598 319 87

238 372 419 452 illud,
452 371 684 450 facere,
723 386 794 436 ut
837 370 1113 446 eveniat,
1148 372 1211 435 δε
1254 370 1338 433 fic
1387 370 1599 434 cultus

238 466 463 531 existit.

789 633 823 717 g
874 630 1032 696 vn.

331 746 453 810 Sed
485 745 751 811 fortaffis
776 746 1006 834 aliquis
1040 767 1266 808 aurem
1299 741 1408 807 hic
1442 742 1597 807 arri-
1692 752 1894 830 ijffm

235 840 351 929 git,
385 844 450 907 δε
481 855 686 930 putat,
723 863 855 905 non
903 841 989 903 ita
1035 861 1116 902 ex
1166 838 1496 927 principiis
1535 831 1877 933 &222ssst

234 935 433 1023 priori
466 936 544 998 de
580 937 728 999 Deo
762 932 1282 998 ratiocinandum
1310 931 1455 1007 effe,
1491 929 1597 995 sed
1620 956 1822 1001 tummado

237 1028 367 1092 fine
400 1029 512 1094 tali
543 1028 1031 1093 ratiocinatione
1065 1025 1440 1115 fimpliciter
1471 1025 1598 1090 edi·
1620 1023 1853 1118 divinfmiae

235 1122 541 1200 cendum,
572 1125 795 1188 Deum
816 1121 935 1186 effe
959 1118 1355 1210 provisorem
1378 1092 1768 1203 omni-Zfssss'
1789 1103 1892 1203 [ζή-

238 1239 353 1280 um
375 1240 594 1281 rerum
622 1216 1172 1304 contingentium,
1196 1212 1315 1278 effe
1348 1210 1599 1303 semper
1625 1227 1803 1272 vativis.

238 1310 465 1398 &jam
500 1312 587 1376 ita
630 1310 999 1400 providum,
1034 1323 1227 1398 prout
1276 1306 1483 1372 fuerat
1530 1310 1599 1373 in

238 1406 559 1469 creatione
586 1405 883 1494 ipfiffima
906 1403 1137 1467 mundi
1161 1430 1177 1480 ;
1231 1425 1364 1466 non
1388 1403 1455 1466 in
1476 1404 1602 1492 pri-

239 1522 342 1562 ma
381 1499 703 1563 creatione
736 1496 1087 1563 exhaufiffe
1127 1519 1398 1561 omnem
1432 1493 1601 1585 sapi-

238 1594 424 1656 entiae
457 1597 520 1658 &
552 1592 969 1682 providentiae
1011 1589 1135 1655 suae
1167 1592 1324 1667 vim,
1360 1588 1467 1654 sed
1497 1591 1604 1654 ad-

238 1684 370 1751 huc
404 1687 728 1751 infinitam
764 1686 1080 1750 refiduam
1115 1684 1236 1749 effe
1278 1685 1347 1748 in
1390 1686 1602 1772 provi-

238 1779 459 1845 dendis
508 1784 572 1846 δε
613 1781 910 1870 regendis
961 1779 1158 1844 caufis
1215 1781 1279 1843 &
1329 1779 1603 1843 munda-

240 1875 334 1938 nis
398 1873 758 1939 secundum
830 1888 1091 1950 nutum,
1154 1887 1349 1962 prout
1428 1872 1604 1937 videt

239 1968 682 2034 arbitrandum
735 1967 876 2046 effe,
938 1968 1095 2032 adeo
1152 1983 1223 2031 ut
1280 1963 1604 2055 exspectet

239 2059 488 2152 semper
544 2078 876 2139 eventum,
928 2077 1279 2150 antequam
1334 2061 1603 2124 arbitre-

239 2172 387 2234 tur;
459 2157 693 2246 pariter
745 2155 1087 2221 succeffive
1145 2151 1346 2220 adeffe
1399 2154 1604 2219 cuivis

240 2250 332 2315 rei
364 2251 793 2340 contingenti,
832 2265 905 2315 ut
938 2273 1149 2339 quum
1182 2271 1603 2337 componere-

239 2360 348 2409 tur
380 2344 684 2409 machina
725 2345 979 2422 mundi,
1016 2347 1079 2410 δε
1128 2342 1433 2407 machina
1465 2366 1604 2407 cor-

241 2461 431 2527 porea
464 2441 693 2504 animae
728 2439 851 2503 five
884 2461 1113 2526 corpus
1147 2435 1462 2512 nostrum,
1497 2460 1605 2526 pa-

241 2533 393 2596 riter
421 2534 616 2598 etiam
650 2532 845 2597 hodie
877 2534 944 2596 in
991 2532 1105 2596 illo
1152 2532 1315 2596 statu
1350 2530 1495 2606 effe,
1532 2546 1606 2595 ut

244 2626 318 2689 ad
365 2625 839 2716 beneplacitum
891 2624 1251 2691 secundum
1285 2622 1497 2690 causas
1540 2628 1605 2690 δε

243 2717 524 2797 effectuS,
558 2743 720 2810 quos
764 2721 938 2785 videt
989 2717 1420 2797 succedente3‚
1456 2715 1606 2807 pos-

245 2814 319 2877 fit
339 2812 557 2877 omnia
582 2831 824 2879 vertere
849 2817 913 2880 &
940 2837 1073 2879 non
1095 2830 1362 2879 vertere.
1440 2815 1606 2876 Sunt

241 2906 510 2996 quidem
543 2908 946 2997 perplurimi,
980 2909 1097 2996 qui
1132 2908 1257 2973 tale
1283 2905 1607 2971 ratiocini-

982 3002 1116 3085 F4
1488 3022 1606 3064 um
