2080 3424
457 214 548 280 74
804 199 960 286 Cap.
1000 200 1058 262 I.
1096 198 1202 263 De
1238 199 1480 287 Iqfinito

458 330 583 395 five
616 330 899 397 inclusus
934 334 1007 398 fit
1041 358 1144 398 aer
1177 336 1301 400 five
1335 335 1552 415 aether,
1582 336 1700 427 qui
1735 337 1818 401 fic

458 447 722 513 quoque
771 430 1246 493 communicari
1290 431 1476 519 poffit
1525 454 1679 495 cum
1729 429 1818 494 fe-

457 517 664 583 nestra
698 523 762 585 ὃς
785 519 914 585 fere
940 522 1199 587 instanti
1225 547 1381 587 cum
1414 523 1813 611 labyrintho:

456 609 588 700 ipsa
610 611 878 678 fenestra
903 639 1015 704 per
1036 616 1187 680 tales
1214 617 1511 682 modulos
1537 616 1600 682 se
1621 620 1815 706 etiam

456 705 662 770 tendit
697 711 760 773 &
799 709 994 786 laxat,
1029 726 1221 798 prout
1263 707 1325 774 se
1371 711 1568 800 stapes
1611 713 1817 776 elevat

455 800 555 864 vel
591 799 916 889 deprimit,
953 806 1016 868 &
1066 803 1220 867 facit
1255 820 1327 868 ut
1376 820 1618 869 tremor
1662 805 1816 870 aeris

456 893 683 958 inclufi
711 898 774 960 &
807 919 918 983 per
952 895 1094 961 suos
1122 897 1350 962 ductus
1383 897 1632 988 semper
1664 923 1816 989 prae-

454 985 645 1051 sentis
677 989 863 1077 poffit
898 991 1130 1079 recipi:
1185 991 1399 1078 ficque
1432 993 1815 1082 multiplici-

455 1097 549 1144 ter
581 1080 642 1145 se
677 1084 744 1146 in
785 1081 1127 1147 fenestram
1163 1108 1197 1148 a
1230 1087 1607 1150 membrana
1642 1103 1816 1174 tym-

451 1176 604 1262 pani
653 1176 895 1242 derivat
927 1194 1172 1242 tremor
1219 1181 1282 1243 &
1328 1181 1550 1243 omnia
1590 1181 1817 1244 unani-

453 1269 647 1332 miter
680 1268 1050 1360 conspirant
1083 1273 1150 1335 in
1185 1272 1474 1359 ejusdem
1523 1275 1816 1339 tremoris

451 1363 928 1451 receptionem:
981 1379 1182 1453 utque
1216 1366 1351 1430 haec
1385 1367 1453 1430 in
1502 1365 1617 1432 suo
1650 1367 1815 1433 statu

450 1471 792 1521 teneantur
815 1459 1065 1547 integra
1080 1461 1143 1524 &
1156 1461 1577 1548 aequilibrata,
1592 1460 1817 1550 stapidi

452 1550 648 1613 etiam
684 1549 1014 1616 musculus
1048 1553 1297 1618 additus
1332 1555 1443 1634 est,
1479 1557 1595 1643 qui
1630 1552 1693 1619 se
1735 1555 1814 1619 ad

451 1659 648 1708 nutus
712 1646 1166 1735 praedictorum
1230 1646 1680 1713 musculorum
1745 1650 1812 1713 in

450 1738 687 1803 malleo
722 1754 931 1828 aptare
959 1741 1229 1805 noverit.
1331 1743 1408 1805 In
1446 1741 1814 1829 labyrintho

448 1850 802 1900 occurrunt
818 1834 1160 1898 innumera
1175 1850 1400 1899 notatu
1417 1835 1810 1924 digniffima3

449 1942 802 1990 occurrunt
834 1928 924 1991 ibi
959 1942 1082 1991 tres
1106 1929 1354 1993 canales
1380 1927 1813 1994 semicircula-

449 2041 542 2082 res
564 2019 893 2108 dicti,quae
915 2022 1216 2084 tubarum
1239 2019 1348 2086 seu
1371 2045 1694 2087 cornuum
1717 2025 1813 2088 in-

450 2110 572 2175 star
591 2111 852 2177 formati
870 2136 982 2202 per
993 2114 1287 2203 quinque
1303 2116 1544 2180 orificia
1563 2132 1808 2205 patent,

447 2205 702 2271 duobus
735 2208 802 2271 in
837 2230 1046 2271 unum
1081 2206 1371 2273 foramen
1405 2211 1810 2288 coeuntibuS,

448 2300 516 2362 in
551 2323 837 2387 quorum
886 2302 1155 2365 cavitate
1200 2303 1375 2366 idem
1422 2304 1811 2369 elementare

448 2393 642 2473 adest,
698 2393 875 2482 quod
932 2395 999 2457 in
1054 2392 1190 2483 ipso
1240 2395 1632 2483 labyrinthO,
1675 2421 1811 2486 quo

446 2486 623 2575 pleni
649 2491 711 2553 &
739 2488 915 2575 quafi
943 2487 1199 2553 distenti
1229 2490 1500 2567 cubant3
1554 2491 1809 2556 investi-

445 2582 495 2644 ti
517 2578 665 2644 sunt
690 2581 1070 2646 membrana
1095 2585 1297 2660 tenui,
1321 2588 1384 2650 &
1412 2583 1807 2650 extrinsecus

444 2671 794 2739 substantia
825 2672 1076 2764 porosa,
1114 2675 1269 2741 hinc
1296 2682 1359 2744 &
1387 2677 1536 2742 inde
1563 2679 1807 2768 alligati

445 2768 598 2846 offi3
651 2768 823 2833 unde
857 2784 1101 2834 tremor
1121 2770 1262 2858 jam
1299 2795 1333 2835 a
1365 2770 1639 2837 fenestra
1659 2796 1804 2838 ova-

1760 2867 1807 2931 li
