2080 3424
492 187 617 275 136
833 188 989 277 Cap.
1028 189 1084 253 I.
1122 188 1227 253 De
1260 188 1508 276 Irgfi'nito

484 323 716 412 gradus
761 322 978 401 effent,
1013 327 1077 391 δε
1121 323 1290 389 nihil
1334 326 1509 414 quod
1546 325 1673 390 dici
1704 347 1850 414 pos-

484 415 576 481 set
624 416 1009 508 perfeetum,
1061 411 1443 508 perfeetius,¹
1475 419 1854 509 perfeetisfi-

486 535 701 586 mum,
737 509 844 575 sed
877 511 1044 576 foret
1080 514 1268 577 simul
1301 510 1594 578 sumtum
1629 515 1697 578 in
1739 513 1853 578 illo

485 602 774 695 respecfitu
808 604 917 670 seu
953 606 1260 670 abstraffite
1295 630 1329 670 a
1374 605 1724 673 substantia
1757 607 1854 671 in-

486 698 669 764 finite
715 698 1276 788 perfeetisfimum,
1320 702 1498 789 quod
1543 702 1719 766 idem
1765 700 1855 765 est

486 817 642 857 cum
671 793 974 871 Infinito;
1027 816 1181 881 ergo
1203 796 1353 882 quia
1374 795 1463 860 est
1484 794 1770 875 finitum,
1789 798 1854 861 &

487 886 746 951 effentia
772 887 942 951 finiti
964 888 1247 952 consistit
1281 890 1348 952 in
1376 912 1474 966 eo,
1502 889 1680 978 quod
1714 912 1855 979 gra-

487 982 602 1058 dus
638 980 962 1070 agnoscat,
986 981 1164 1070 quod
1191 979 1617 1054 successivum
1651 1006 1856 1072 agno-

489 1072 644 1154 scat,
704 1076 882 1164 quod
947 1074 1357 1141 substantiale
1418 1071 1854 1142 ⁴derivativum

490 1167 813 1258 agnoscat,
851 1173 914 1235 &
960 1171 1209 1259 reliqua
1254 1194 1397 1259 quae
1431 1194 1564 1235 non
1599 1169 1858 1260 poffunt

487 1262 761 1352 separari
783 1288 817 1327 a
845 1263 1056 1339 finito,
1080 1280 1396 1352 quatenus
1430 1264 1520 1329 est
1553 1266 1855 1341 finitum;

489 1357 645 1422 hinc
672 1359 946 1422 omnino
972 1359 1040 1422 in
1076 1358 1371 1423 derivatis
1404 1373 1538 1423 tam
1575 1381 1685 1448 per
1720 1381 1860 1423 mo-

491 1451 624 1529 dos,
662 1476 863 1540 quam
911 1476 1023 1542 per
1056 1454 1505 1542 contingentia
1541 1475 1674 1517 non
1708 1468 1857 1543 pot-

490 1545 581 1610 est
638 1547 705 1610 in
760 1543 892 1635 ipsa
944 1547 1364 1612 similitudine
1422 1547 1558 1612 dari
1609 1545 1860 1637 semper

491 1640 664 1704 idem
700 1641 927 1717 fimile‚
959 1639 1063 1704 sed
1099 1641 1232 1706 dari
1259 1642 1449 1706 debet
1479 1662 1592 1731 per
1625 1641 1860 1730 gradus

492 1735 709 1799 minus
736 1737 800 1800 &
828 1736 1045 1799 minus
1077 1735 1143 1799 in
1179 1736 1405 1802 fimili:
1459 1759 1613 1824 ergo
1647 1758 1860 1823 quum

491 1829 754 1918 ponitur
781 1852 1016 1906 unum,
1039 1826 1280 1895 scilicet
1302 1829 1478 1919 quod
1500 1828 1696 1893 fuerit
1716 1827 1861 1893 fini-

493 1940 554 1988 te
588 1922 1150 2013 perfeetisfimum‚
1178 1939 1459 2013 ponetur
1485 1923 1680 1987 etiam
1708 1922 1860 1986 alte-

494 2040 668 2092 rum,
705 2017 883 2105 quod
928 2018 995 2080 in
1029 2016 1425 2105 perfeetione
1460 2018 1593 2081 dari
1626 2016 1860 2081 debue-

495 2112 577 2174 rit
604 2111 869 2177 finitum
899 2114 962 2175 ὅς
990 2110 1262 2199 gradu83
1316 2110 1490 2175 unde
1515 2108 1861 2176 succesfive

494 2226 606 2292 per
651 2205 1118 2268 derivationem
1167 2204 1241 2269 fit
1285 2206 1502 2270 minus
1543 2208 1607 2270 &
1643 2206 1862 2269 minus

492 2296 880 2387 perfeetum,
904 2297 1122 2362 minus
1148 2301 1213 2365 δε
1241 2299 1457 2364 minus
1484 2298 1689 2363 fimile
1722 2322 1861 2388 per-

497 2391 762 2456 feetioni
797 2393 863 2455 in
886 2393 1218 2480 primitivo
1244 2419 1257 2456 ε
1313 2416 1444 2457 non
1472 2395 1650 2457 enim
1673 2393 1862 2457 datur

496 2486 785 2564 finitum,
834 2487 1012 2575 quod
1063 2509 1195 2550 non
1247 2487 1401 2551 alios
1448 2487 1640 2552 status
1685 2487 1751 2551 in
1798 2484 1862 2550 se

494 2578 838 2644 successive
884 2579 1203 2656 admittet,
1252 2582 1369 2645 nifi
1420 2580 1587 2646 foret
1633 2579 1862 2645 Infini-

495 2690 663 2755 tum,
679 2674 855 2763 quod
885 2676 1075 2738 unice
1101 2674 1252 2739 alios
1273 2673 1465 2741 status
1492 2676 1560 2739 in
1579 2673 1642 2741 se
1664 2697 1861 2764 agno-

492 2766 663 2833 scere
697 2791 828 2832 non
862 2769 1088 2857 potest.

1759 2958 1860 3020 Ex
