2080 3424
237 656 374 719 Quod
392 659 455 702 ni-

167 724 237 770 hil
248 736 392 786 perce-

163 792 318 853 ptibile
342 794 409 838 in-

170 871 234 905 ter
253 862 430 905 animam

174 926 230 974 {3⁵
255 939 401 989 corpus

172 994 294 1039 detur
303 994 401 1056 stne

161 1066 342 1124 praevia
363 1061 445 1107 ali-

170 1145 251 1190 qua
272 1140 408 1179 muta-

173 1199 293 1243 tione.

480 237 610 304 216
743 238 897 326 Cap.
936 239 1028 303 II.
1069 238 1168 302 De
1199 237 1580 325 mechanismo

478 395 656 436 mam
690 372 902 461 primo
929 370 990 436 se
1026 371 1303 438 referant
1336 373 1672 439 rationalia
1705 389 1842 440 tan-

478 489 678 554 quam
714 467 789 530 ad
826 482 1146 531 centrum.

574 654 979 719 TERTIUM
1017 652 1125 731 est,
1162 655 1205 718 fi
1241 652 1530 719 senfibile
1563 670 1672 720 aut
1704 678 1843 744 per-

481 747 780 836 ceptibile
807 748 1050 835 aliquid
1078 749 1186 812 fiet
1213 748 1291 812 ab
1326 771 1459 813 uno
1493 749 1621 813 fine
1652 750 1728 813 ad
1756 750 1844 814 al-

483 858 697 905 terum
739 842 863 904 five
908 842 1073 905 inter
1111 841 1227 905 hos
1272 842 1450 919 fines,
1491 843 1668 930 quod
1716 841 1843 906 hoc

483 935 621 999 fieri
649 950 922 1022 nequeat
950 935 1063 998 nis1
1089 957 1202 1024 per
1228 936 1515 1024 aliquam
1540 936 1844 1001 mutatio-

485 1052 638 1094 nem
665 1055 677 1092 :
729 1029 771 1092 fi
800 1028 978 1092 nulla
1002 1029 1279 1093 mutatio
1305 1029 1598 1093 existeret
1622 1032 1690 1094 in
1718 1029 1844 1094 hoc

484 1123 797 1210 contiguo
837 1123 1123 1196 animali,
1172 1122 1337 1186 nihil
1382 1123 1617 1212 poterit
1661 1120 1846 1187 senfi-

484 1217 611 1280 bile
639 1215 759 1279 effe
785 1231 894 1279 aut
914 1216 1193 1305 percipi:
1247 1217 1291 1280 fi
1318 1217 1498 1281 nulla
1516 1215 1679 1281 foret
1701 1239 1846 1280 mu-

484 1310 664 1387 tatio,
689 1308 1081 1397 sequeretur,
1110 1310 1286 1398 quod
1319 1309 1484 1374 foret
1516 1307 1847 1399 quiescen-

484 1406 571 1468 tia
604 1405 912 1492 partium,
941 1406 1004 1468 &
1029 1401 1493 1492 consequenter
1520 1403 1683 1469 nihil
1709 1401 1846 1468 sen-

485 1497 660 1562 fibile
693 1512 802 1561 aut
837 1497 1207 1562 distinci‘tum
1240 1522 1273 1561 a
1299 1497 1540 1586 quiete,
1565 1499 1719 1587 quia
1752 1498 1847 1562 ni-

485 1590 580 1656 hil
633 1597 845 1680 agenS.
957 1592 1139 1656 Pone
1196 1591 1584 1679 contiguum
1643 1591 1848 1681 quod-

487 1685 660 1762 dam,
696 1707 863 1774 pone
905 1683 1085 1765 fines,
1123 1687 1185 1750 &
1231 1686 1297 1748 in
1347 1686 1658 1774 contiguo
1710 1685 1846 1762 illo,

487 1779 590 1843 vel
632 1779 799 1843 inter
843 1779 999 1843 fines
1049 1802 1218 1868 pone
1264 1778 1435 1842 nude
1480 1801 1730 1843 nexum
1780 1778 1846 1842 in

488 1870 850 1938 substantiis
885 1873 1014 1936 fine
1048 1873 1430 1950 mutatione,
1458 1896 1539 1936 an
1573 1872 1722 1936 inde
1756 1895 1849 1936 ra-

489 1967 812 2031 tionaliter
843 1966 1029 2055 possis
1061 1967 1407 2056 percipere,
1444 1965 1687 2054 aliquid
1720 1966 1853 2029 exi-

491 2061 696 2124 stere?
769 2059 889 2123 Sed
929 2059 1194 2124 fortaffis
1237 2059 1464 2123 clarius
1502 2058 1853 2124 illustratur

489 2177 604 2242 per
628 2151 942 2216 senfibilia
966 2153 1293 2228 craffiora3
1347 2175 1479 2216 non
1515 2152 1701 2216 datur
1733 2177 1850 2242 gu-

494 2245 641 2321 stus,
690 2247 801 2310 nifi
847 2246 1001 2310 adfit
1046 2246 1289 2334 aliquid
1327 2246 1504 2333 quod
1549 2249 1852 2311 mutatio-

494 2363 649 2405 nem
685 2338 892 2415 faciat,
920 2354 992 2403 ut
1017 2362 1129 2427 per
1155 2337 1418 2427 gustum
1450 2337 1681 2404 sentire
1715 2337 1853 2429 pos-

495 2434 588 2507 fis,
618 2434 661 2497 fi
689 2433 853 2497 nihil
887 2433 1136 2509 adesset,
1159 2432 1324 2497 foret
1352 2433 1565 2497 nullus
1599 2435 1848 2522 gustus:

495 2528 612 2591 nifi
654 2528 718 2590 in
763 2525 1003 2591 olfactu
1044 2526 1287 2615 aliquid
1326 2525 1511 2604 foret,
1548 2528 1724 2614 quod
1757 2550 1855 2591 or-

495 2643 661 2710 gana
705 2634 994 2684 moveret
1043 2621 1142 2683 vel
1193 2621 1622 2684 mutationem
1669 2621 1856 2684 indu-

496 2729 687 2792 ceret,
713 2711 860 2778 sane
887 2713 1103 2777 nullus
1127 2712 1290 2778 foret
1324 2714 1656 2778 odoratus:
1708 2714 1752 2778 fi
1787 2715 1855 2778 in

496 2831 645 2871 aure
669 2806 833 2871 nihil
854 2806 1042 2885 foret,
1060 2807 1232 2896 quod
1258 2823 1565 2884 moveret,
1582 2806 1690 2872 seu
1714 2808 1855 2872 nul-

495 2901 592 2966 lus
625 2916 840 2966 motus
874 2901 1217 2976 undulanS,
1244 2901 1458 2965 nullus
1483 2900 1646 2966 foret
1679 2899 1857 2965 audi-

1725 3008 1851 3070 tUS,
