2080 3424
457 261 528 326 &²
560 262 744 347 causa
756 260 954 345 finali
979 261 1321 326 creationis.
1447 283 1468 326 1
1487 284 1526 325 o
1542 283 1563 324 1

207 418 312 460 rus
345 395 524 459 enim
559 410 694 459 tam
729 395 1005 484 exiguus
1033 409 1144 459 aut
1178 410 1312 458 tam
1349 395 1573 458 indefi-

207 491 340 553 nite
374 511 603 578 parvus
636 488 756 553 effe
790 487 1021 578 potest,
1059 503 1131 552 ut
1159 489 1336 577 quafi
1365 505 1574 577 aequet

205 583 391 660 nihil,
444 585 508 648 ὅτ,
551 583 848 671 quamvis
885 605 1018 646 non
1064 597 1299 671 aequet,
1354 597 1573 646 tamen

206 675 407 765 usque
434 676 593 766 quid
621 676 822 741 fimile
849 675 1067 756 habet,
1086 679 1149 740 δε
1175 673 1576 764 consequen-

206 786 301 834 ter
335 794 468 835 non
504 769 594 834 est
627 769 939 848 infinituS,
965 769 1146 860 quod
1171 770 1387 847 videre
1423 769 1576 832 licet

206 865 271 928 in
329 865 583 929 calculo
649 864 1165 940 indefinitorum,
1227 864 1342 927 ubi
1395 861 1575 926 diffe-

206 960 425 1022 rentiae
459 974 594 1023 tam
628 960 880 1048 exiguae
913 955 1084 1035 sunt,
1124 974 1194 1021 ut
1228 980 1383 1022 cum
1429 956 1578 1020 fini-

208 1054 284 1117 tis
320 1052 760 1118 constantibus
796 1076 928 1117 non
976 1051 1396 1141 multiplicari
1430 1074 1578 1140 pos-

210 1148 352 1224 fint,
377 1149 539 1236 quin
565 1147 926 1212 constantes
960 1146 1397 1211 annihilandae
1433 1146 1575 1222 sint,

210 1244 274 1306 &
332 1242 546 1306 adhuc
604 1241 820 1307 minus
881 1242 1144 1305 illarum
1205 1239 1581 1304 differentiae

211 1338 275 1400 δε
320 1334 835 1400 differentiarum
869 1334 1243 1399 differentiae
1277 1333 1534 1422 concipi
1562 1360 1578 1409 ;

211 1427 316 1493 sed
352 1453 495 1518 quae
523 1446 742 1495 tamen
779 1426 982 1518 usque
1017 1451 1149 1496 non
1184 1427 1332 1493 sunt
1366 1427 1580 1492 infini-

211 1541 309 1599 tae,
339 1525 492 1612 quia
526 1525 594 1588 in
629 1521 692 1587 se
727 1523 932 1588 fimile
968 1522 1211 1588 habent
1248 1546 1403 1587 cum
1437 1521 1580 1585 fini-

213 1620 311 1692 tis,
358 1642 511 1681 nam
555 1641 669 1708 per
714 1617 975 1682 illarum
1024 1617 1228 1682 fimile
1273 1616 1582 1681 rationale

210 1711 542 1802 poffumus
595 1712 812 1775 venire
858 1711 936 1775 ad
982 1711 1270 1800 aliquam
1317 1710 1583 1799 indaga-

212 1807 461 1870 tionem
498 1806 823 1894 qualitatis
858 1805 925 1870 in
958 1804 1179 1894 figuris
1213 1807 1277 1870 δε
1323 1802 1578 1894 spatiis;

211 1898 320 1964 sed
354 1900 479 1964 tale
515 1899 721 1964 fimile
748 1922 879 1963 non
909 1896 1297 1989 supponitur
1325 1900 1390 1962 in
1423 1899 1584 1962 Infi-

214 1995 394 2059 nito:
440 2017 596 2083 ergo
631 2016 815 2058 mens
851 2016 984 2057 non
1020 1993 1203 2057 aliter
1237 1991 1582 2057 conclude-

215 2113 280 2153 re
315 2088 541 2178 potest,
578 2111 777 2177 quam
811 2086 986 2177 quod
1025 2086 1152 2151 hoc
1188 2088 1386 2151 modo
1432 2086 1582 2150 infi-

218 2184 432 2247 nitum
467 2185 530 2247 &
557 2181 722 2246 nihil
752 2182 823 2246 fit
849 2181 1026 2271 quafi
1057 2205 1268 2245 unum
1295 2184 1359 2247 δε
1386 2180 1582 2245 idem.

218 2278 361 2352 Sed,
393 2277 486 2341 mi
514 2277 749 2341 amice!
795 2275 903 2340 hic
929 2276 1122 2340 etiam
1150 2274 1331 2340 finite
1358 2273 1585 2351 sentis;

218 2371 378 2460 quid
412 2387 595 2461 putas
631 2393 788 2459 ergo
821 2369 899 2434 de
941 2370 1214 2434 Infinito
1249 2371 1589 2434 maximo?

221 2467 266 2529 fi
300 2465 454 2529 velis
489 2464 723 2541 dicere,
760 2466 987 2530 Deum
1023 2463 1195 2528 effe
1180 2487 1247 2528 1n
1285 2463 1590 2528 maximis

220 2557 581 2634 infinitum,
608 2581 827 2623 annon
863 2557 948 2622 fic
981 2559 1146 2648 perit
1180 2559 1394 2622 omnis
1430 2558 1592 2621 ratio

221 2651 432 2716 finiti?
488 2675 641 2716 nam
675 2668 893 2717 totum
930 2649 1335 2726 universum,
1372 2651 1591 2740 quale-

222 2767 485 2833 cunque
512 2745 631 2810 effe
658 2745 885 2835 potest,
912 2761 1134 2811 tamen
1159 2769 1278 2811 nec
1305 2747 1393 2809 est
1416 2767 1590 2834 pun-

224 2838 477 2903 &culum
512 2837 592 2902 ad
625 2839 878 2904 infinite
914 2841 1310 2916 maximum,
1341 2863 1420 2903 an
1450 2837 1594 2900 ideo

225 2948 403 3024 potes
456 2933 871 3011 concludere,
919 2932 1185 2998 finitum
1233 2949 1428 2998 tuum
1475 2930 1594 2994 effe

858 3030 923 3094 G
964 3049 997 3114 3
1411 3024 1599 3101 nihil,
