2080 3424
488 274 510 317 1
533 249 616 316 80
748 251 901 339 Cap.
939 249 1032 313 II.
1074 249 1175 313 De
1206 245 1589 336 mechanisma

480 387 638 476 quid
690 383 1100 450 substantiale
1134 383 1244 460 est,
1282 384 1460 473 quod
1511 397 1852 448 moveatur

481 496 591 545 aut
626 479 854 558 obstet,
889 481 953 544 &
987 475 1457 567 consequenter
1499 478 1678 542 nulla
1713 501 1853 542 mo-

484 592 707 638 menta
733 590 843 638 aut
869 573 1101 662 gradus
1129 571 1389 651 dantur,
1415 571 1570 636 hinc
1598 571 1852 636 annihi-

483 668 640 733 latio
673 683 866 757 prout
898 682 1071 731 ortus
1120 666 1543 754 concipienda
1589 664 1678 728 est
1712 662 1854 729 fieri

485 762 552 825 in
589 762 889 838 instanti3
938 783 1018 823 ex
1049 760 1282 848 quibus
1308 761 1503 824 etiam
1537 759 1852 848 sequitur,

486 858 664 944 quod
709 855 861 920 huic
910 854 1186 942 fimpliei
1231 853 1393 917 nihil
1449 852 1617 916 finiti
1663 852 1855 916 ineffe

485 950 709 1039 pOffit;
779 950 822 1013 fi
874 947 1031 1036 quid
1099 945 1387 1026 finitum,
1455 969 1588 1010 non
1653 946 1858 1035 potest

487 1043 609 1108 effe
644 1043 1147 1118 instantaneum,
1176 1064 1306 1105 non
1334 1041 1538 1130 potest
1572 1040 1692 1104 effe
1728 1041 1858 1104 fine

488 1138 667 1226 quali
693 1141 755 1202 &
792 1136 989 1201 modo
1023 1158 1152 1223 qua
1186 1150 1406 1198 ortum
1437 1160 1452 1210 ;
1507 1135 1683 1222 fique
1719 1132 1860 1197 fini-

490 1248 632 1297 tum
670 1233 764 1309 fit,
800 1254 911 1320 per
953 1229 1228 1294 modum
1276 1229 1396 1292 erit
1429 1227 1714 1304 finitum,
1751 1250 1864 1316 per

490 1326 682 1414 quale
715 1326 834 1389 erit
865 1323 1129 1387 finitum
1156 1321 1424 1400 faetum,
1453 1322 1498 1386 fi
1533 1321 1722 1411 quale
1757 1322 1863 1385 da-

492 1444 581 1499 re,
604 1422 668 1484 ὅῑ
698 1443 810 1509 per
845 1418 1069 1482 modos
1104 1418 1171 1480 in
1194 1417 1485 1481 multum
1507 1415 1690 1480 finita
1714 1438 1863 1504 ope-

494 1515 618 1578 rari
652 1514 877 1602 poffit3
931 1512 1107 1600 fique
1136 1513 1201 1575 in
1237 1507 1370 1600 ipsa
1403 1508 1662 1575 essentia
1698 1508 1863 1573 nihil

492 1609 619 1672 tale
654 1609 751 1688 s1t,
776 1605 940 1671 nihil
968 1603 1440 1679 modificatum,
1469 1603 1743 1668 omnino
1776 1601 1869 1682 est

494 1718 715 1767 ortum
763 1699 1139 1764 immediate
1197 1699 1275 1763 ab
1323 1697 1617 1775 Infinit0,
1668 1700 1732 1763 δε
1777 1696 1868 1761 est

497 1797 792 1885 fimplex,
846 1794 1024 1884 quod
1076 1816 1290 1882 neque
1343 1790 1704 1870 infinitum,
1760 1814 1864 1855 ne·

497 1913 626 1980 que
655 1890 920 1955 finitum
946 1888 1051 1964 fit;
1089 1887 1325 1951 exinde
1348 1884 1660 1974 sequitur,
1688 1887 1868 1974 quod

499 1985 623 2048 tale
659 1983 931 2071 fimplex
956 2003 1087 2045 non
1124 1980 1299 2045 idem
1335 1979 1456 2044 effe
1489 1979 1675 2068 poffit
1711 2002 1867 2043 cum

500 2078 738 2154 anima,
773 2099 916 2165 quae
950 2075 1024 2138 ad
1063 2075 1449 2151 minimum,
1487 2072 1671 2136 nullo
1705 2073 1869 2136 diffi-

500 2187 699 2248 tente,
744 2173 834 2233 est
874 2169 1081 2242 finita,
1118 2170 1182 2233 &
1230 2168 1482 2255 regulas
1529 2169 1594 2232 δε
1643 2166 1870 2231 modos

502 2265 566 2328 in
604 2263 666 2328 se
701 2266 763 2328 ὃς
796 2279 976 2327 extra
1011 2260 1072 2326 se
1107 2261 1394 2351 poffidet.

599 2451 719 2515 Sed
752 2450 904 2539 quia
938 2448 1155 2513 anima
1177 2463 1439 2537 putatur
1472 2447 1592 2513 effe
1628 2447 1874 2512 aetuale

466 2565 481 2571 ·
502 2568 746 2635 purum
780 2547 843 2610 &
879 2544 1148 2632 simplex
1179 2544 1243 2608 δε
1274 2545 1509 2632 pariter
1542 2541 1747 2620 finita,
1782 2542 1874 2605 vi-

505 2641 793 2713 deamuS,
818 2660 898 2700 an
921 2638 995 2701 fit
1017 2638 1240 2700 eadem
1261 2661 1417 2701 cum
1436 2635 1709 2724 fimplici
1731 2634 1875 2698 fini-

506 2751 573 2798 to
598 2762 610 2799 :
650 2732 922 2821 simplex
946 2730 1210 2795 finitum
1238 2754 1373 2796 non
1397 2729 1572 2794 idem
1601 2729 1691 2793 est
1717 2752 1875 2792 cum

505 2849 665 2917 pure
688 2825 981 2914 fimplici,
1007 2847 1158 2889 nam
1182 2825 1270 2889 est
1292 2824 1555 2888 finitum
1579 2850 1595 2901 ;
1631 2826 1695 2888 &
1723 2822 1875 2911 quia

507 2922 767 2986 finitum
829 2918 938 2996 est,
990 2942 1103 3007 per
1159 2917 1546 3008 simpliciora
1598 2916 1876 2981 omnino

1729 3008 1875 3072 fini-
