2080 3424
483 255 507 300 1
531 233 606 298 18
823 233 977 321 Cap.
1016 234 1070 297 I.
1109 233 1212 297 De
1243 231 1493 318 Instm'to

571 369 694 434 Sed
768 368 1035 434 fortaffis
1116 368 1316 456 aliqui
1395 365 1840 457 philosophice

475 462 633 528 hinc
660 462 870 528 rursus
903 463 1209 527 inducere
1237 462 1459 539 velint,
1483 462 1661 551 quod
1689 463 1840 525 inde

475 556 804 646 sequatur,
822 561 1043 622 Deum
1063 558 1145 620 fic
1159 557 1434 619 mediate
1453 579 1584 620 non
1609 557 1841 619 imme-

475 652 643 716 diate
689 649 982 715 creavisse
1038 651 1299 714 finitum
1349 647 1744 726 universum,
1793 650 1838 714 fi

474 745 651 809 enim
690 768 893 809 nexus
926 744 1035 808 ille
1070 744 1235 809 finiti
1269 747 1333 809 &
1367 743 1620 808 Infiniti
1654 743 1726 807 fit
1769 743 1838 807 in

476 840 838 927 unigenit0‚
864 839 1283 926 unigenitum
1311 836 1430 900 effe
1457 837 1838 926 ipfisfimum

474 933 638 997 illud
691 933 1009 1008 medium,
1046 954 1158 1020 per
1204 932 1381 1019 quod
1426 947 1717 995 creatum
1765 931 1840 995 fit

475 1025 853 1091 universum
879 1053 894 1103 3
950 1024 1056 1088 sed
1092 1023 1302 1113 quaeso
1329 1048 1446 1089 cur
1471 1025 1558 1087 ita
1586 1039 1840 1088 natura-

471 1122 617 1186 liter
652 1120 1018 1184 ratiocinari
1042 1119 1337 1195 velimuS,
1363 1141 1478 1182 cur
1503 1119 1588 1181 ita
1616 1118 1843 1184 finite?

474 1216 769 1279 videmus
790 1214 947 1300 jam,
973 1214 1149 1302 quod
1177 1235 1381 1276 nexus
1404 1213 1497 1284 fit,
1528 1211 1706 1300 quod
1732 1235 1840 1275 ne-

475 1333 594 1373 xus
629 1309 701 1372 fit
735 1309 1053 1386 infinitus,
1086 1307 1263 1395 quod
1309 1306 1656 1370 Infinitum
1708 1329 1838 1370 non

471 1403 662 1493 poffit
696 1401 1005 1490 distingui
1039 1416 1230 1490 prout
1265 1401 1549 1475 finitum,
1575 1399 1734 1463 adeo
1768 1415 1840 1464 ut

475 1520 596 1561 nec
631 1496 933 1585 applicari
967 1494 1074 1559 hic
1108 1494 1316 1583 posfit‚
1341 1494 1518 1582 quod
1550 1494 1671 1558 fint
1705 1493 1838 1557 duo

473 1590 765 1665 Infinita,
803 1589 979 1678 quod
1022 1591 1094 1653 fit
1139 1586 1420 1652 divisum
1467 1588 1838 1664 Infinitum,

474 1684 653 1774 quod
719 1707 929 1747 unum
992 1684 1336 1747 Infinitum
1395 1705 1509 1771 per
1561 1681 1838 1745 alterum

473 1778 633 1868 quid
662 1777 905 1855 fecerit,
932 1801 1084 1841 nam
1113 1777 1197 1840 fic
1230 1777 1468 1839 iterum
1504 1774 1694 1863 quale
1729 1776 1840 1839 ali-

474 1872 634 1961 quid
663 1873 1159 1936 desideraremus
1187 1871 1252 1933 in
1290 1870 1583 1946 Infinito,
1608 1870 1674 1931 in
1703 1893 1838 1957 quo

474 1966 642 2030 nihil
677 1965 867 2054 quale
901 1965 1177 2029 inveniri
1211 1963 1414 2052 potest
1448 1963 1653 2026 fimile
1683 1986 1836 2051 pro-

474 2076 547 2124 ut
593 2061 660 2123 in
703 2059 920 2135 finitis,
958 2057 1113 2121 hinc
1164 2080 1282 2121 nec
1332 2057 1591 2120 termini
1643 2057 1834 2134 finiti,

473 2177 592 2216 nec
651 2154 924 2217 rationes
984 2168 1092 2215 aut
1148 2152 1586 2239 perceptiones
1643 2149 1839 2215 finitae

470 2247 695 2310 locum
731 2245 964 2310 habere
998 2244 1289 2335 poffunt:
1345 2244 1388 2308 fi
1432 2245 1690 2322 dixeris,
1725 2267 1841 2333 per

471 2341 685 2405 filium
708 2338 826 2403 effe
850 2362 1098 2402 nexum
1121 2339 1371 2404 Infiniti
1398 2340 1462 2403 ὅτ,
1490 2339 1681 2417 finiti,
1704 2341 1767 2402 &
1790 2338 1835 2402 fi

472 2434 805 2509 addideris,
823 2433 1033 2497 filium
1058 2430 1166 2496 seu
1192 2455 1434 2496 nexum
1461 2432 1581 2495 effe
1605 2433 1837 2496 Infini-

470 2540 641 2606 tum,
679 2527 943 2616 perinde
978 2526 1067 2590 est
1102 2551 1173 2590 ac
1221 2527 1263 2590 fi
1311 2525 1522 2589 statim
1571 2526 1834 2600 dicereS‚

471 2622 820 2686 Infinitum
879 2620 998 2684 effe
1063 2619 1319 2685 causam
1386 2621 1835 2684 immediatam

472 2731 582 2780 aut
630 2716 1001 2805 proximam
1053 2714 1388 2779 creationis
1437 2714 1627 2791 finiti,
1680 2736 1834 2777 nam

471 2833 685 2875 unum
768 2809 1114 2873 Infinitum
1187 2832 1319 2873 non
1384 2825 1560 2897 potes
1626 2807 1836 2871 facere

455 2905 644 2994 ‘prius
679 2906 742 2969 δε
775 2904 1059 2992 propiUS‚
1098 2904 1375 2967 alterum
1419 2901 1726 2991 posterius
1768 2904 1834 2966 &

1617 3017 1834 3059 remo-

2063 2974 2068 2983 *
2054 2896 2059 2900 “
2064 2867 2067 2874 ⁴
2061 2544 2080 2843 .'-·ovc.n-.Q
2063 2422 2080 2535 —fln-
2066 2337 2080 2414 m...
2068 2269 2080 2326 ‚m—
2075 2231 2080 2242 ..
2074 2215 2080 2222 Α,
2066 2181 2080 2203 η,
