2080 3424
208 1705 342 1766 Qod
351 1720 467 1766 quae-

162 1774 248 1832 stio
272 1776 367 1818 an?
395 1774 465 1820 de-

176 1840 271 1885 beat
303 1851 468 1902 praece-

172 1916 285 1952 aere.

495 285 576 353 28
819 288 973 376 Cap.
1012 290 1066 354 I.
1104 289 1207 354 De
1239 289 1485 379 Infinito

491 445 766 486 nervum
831 425 1091 489 rationis
1171 425 1603 500 intendamus.
1734 426 1856 491 Sed

490 514 693 604 usque
745 532 963 581 tamen
1017 519 1357 608 praevidere
1408 520 1578 597 licet,
1616 520 1660 584 fi
1716 543 1855 610 per-

489 632 900 675 maneremus
934 611 999 674 in
1041 611 1265 676 eadem
1305 611 1462 677 serie
1512 636 1854 702 argumen-

489 705 836 780 tationum,
897 708 1118 769 animo
1183 707 1463 771 rimandi
1526 707 1854 772 essentiam

490 798 621 861 Dei
673 798 1014 876 infinitam,
1068 802 1132 866 δε
1184 801 1418 865 exinde
1471 800 1853 877 deducendi,

489 891 666 978 quod
703 892 884 956 Deus
919 893 992 956 fit
1027 893 1339 969 infinitUS,
1378 895 1501 959 five
1549 918 1710 958 num
1747 897 1855 959 In-

488 984 748 1048 finitum
784 986 858 1050 fit
891 987 1074 1076 origo
1096 990 1159 1052 ὅτ,
1183 986 1366 1052 causa
1394 1003 1651 1069 naturae,
1678 988 1855 1078 quod

484 1077 1049 1168 philosophantem
1078 1083 1476 1170 argumentis
1496 1079 1684 1171 supra
1705 1083 1854 1146 alla-

486 1173 564 1236 tis
591 1175 650 1237 &
679 1171 803 1237 suis
830 1175 1271 1263 nequicquam
1299 1177 1764 1250 evinceremu8‚
1787 1178 1852 1242 δε

484 1263 751 1331 fortaffis
786 1269 962 1356 quod
997 1269 1109 1357 ipfi
1150 1271 1217 1333 in
1253 1269 1532 1333 eundem
1573 1268 1852 1356 labyrin-

484 1359 678 1424 thum
712 1361 1095 1438 laberemur,
1123 1363 1295 1427 unde
1318 1364 1570 1427 exitum
1604 1363 1851 1427 inveni-

487 1477 553 1518 re
587 1455 794 1543 major
827 1454 1036 1520 adhuc
1070 1456 1251 1520 labor
1284 1458 1736 1546 requireretur.

583 1642 894 1730 Ipfiffima
920 1643 1065 1708 heic
1087 1644 1348 1733 quaestio
1375 1643 1484 1721 est,
1510 1667 1673 1707 num
1701 1643 1854 1708 Infi-

492 1735 706 1799 nitum
741 1736 945 1815 detur,
982 1739 1082 1802 vel
1129 1761 1288 1802 num
1322 1739 1459 1802 talis
1501 1740 1703 1813 Deus,
1739 1739 1855 1826 qui

490 1829 781 1895 infinitus
817 1833 933 1897 fit?
1013 1834 1167 1896 Hoc
1218 1833 1547 1922 quaeritur‚
1598 1831 1856 1920 hocque

490 1923 635 1987 ideo
668 1947 781 2012 per
814 1926 1134 1991 rationem
1167 1925 1616 1990 ventilandum
1650 1928 1714 1990 &
1746 1925 1855 1988 de-

412 2018 416 2023 ’
489 2018 977 2082 monstrandum
1056 2021 1255 2095 venit,
1322 2018 1535 2082 adhuc
1614 2041 1854 2107 nequa-

488 2133 709 2198 quam,
745 2113 949 2201 qualis
993 2113 1067 2176 fit
1105 2112 1363 2176 effentia
1402 2111 1642 2190 divina,
1691 2134 1852 2176 num

487 2204 736 2268 infinita
773 2205 874 2269 vel
915 2229 1047 2270 non
1092 2206 1344 2271 infinita
1383 2206 1505 2269 fit?
1553 2206 1853 2295 ipfiffima

488 2297 748 2386 quaestio
771 2298 880 2378 est,
909 2301 964 2362 A
985 2322 1027 2364 N
1059 2299 1166 2364 fit?
1217 2322 1373 2374 non,
1403 2300 1718 2384 QALls
1742 2300 1854 2365 fit?

487 2391 751 2479 quaestio
785 2396 846 2457 A
867 2416 909 2457 N
949 2393 1054 2456 hic
1089 2395 1361 2458 omnino
1395 2394 1727 2482 praecedet,
1762 2391 1852 2458 se-

487 2502 724 2572 quetur
745 2487 894 2550 dein
931 2488 1234 2574 QALE
1262 2513 1276 2563 ;
1331 2509 1482 2550 nam
1509 2488 1552 2551 fi
1580 2488 1852 2553 velimus

488 2580 832 2669 inquirere,
872 2583 1171 2669 QALE
1208 2582 1540 2645 infinitum
1578 2582 1672 2659 fit,
1701 2579 1852 2646 scie-

487 2696 632 2738 mus
664 2675 953 2763 primum
987 2698 1066 2738 an
1108 2676 1222 2751 fit;
1276 2675 1320 2738 fi
1361 2675 1561 2763 qualis
1602 2690 1850 2754 natura,

488 2765 761 2831 sciemus
781 2770 1073 2857 primum
1095 2791 1175 2832 an
1199 2769 1299 2844 fit;
1353 2769 1397 2832 fi
1427 2769 1851 2834 desideremus

489 2860 682 2939 noffe,
707 2862 924 2949 quales
947 2863 1184 2951 angeli,
1202 2863 1417 2925 anima
1439 2865 1502 2928 &
1523 2861 1726 2927 homo
1753 2863 1847 2940 fit,

487 2955 796 3044 praecedet
841 2957 1113 3020 omnino
1153 2954 1417 3045 quaestio
1451 2980 1572 3035 an;
1626 2979 1850 3046 quam-

1761 3073 1850 3115 vis
