2080 3424
469 262 598 330 228
735 264 885 352 Cap.
925 263 1019 327 II.
1058 263 1159 327 De
1190 257 1574 346 mechanisma

474 398 624 463 effet
663 398 827 475 finis,
864 393 1155 486 respiciet
1199 395 1307 460 ille
1355 394 1501 458 finis
1543 393 1834 483 primum

473 515 586 581 per
614 514 861 557 nexum
894 494 957 556 &
989 490 1378 578 contiguum
1408 515 1424 565 ;
1477 489 1520 552 fi
1568 510 1701 551 non
1741 509 1835 550 re-

475 584 763 675 spiceret,
785 586 1021 674 periret
1043 585 1149 649 ille
1173 584 1418 662 finis‚&
1442 579 1836 669 consequen-

473 695 570 744 ter
627 680 908 744 mundus
952 678 1208 742 crasfior
1257 674 1318 740 se
1366 676 1464 740 vel
1524 675 1834 764 perderet,

475 797 607 837 non
630 771 692 837 se
713 771 965 862 prorsus
988 795 1022 835 a
1042 770 1361 836 subtiliori
1384 766 1666 858 separare
1688 765 1835 857 pos-

477 865 591 948 set,
612 868 773 956 quin
802 865 1294 930 annihilaretur:
1331 862 1459 926 hoc
1486 862 1638 951 quia
1658 859 1836 926 surn-

476 985 583 1024 me
617 961 926 1024 rationale
960 957 1072 1035 est,
1110 981 1242 1022 non
1277 955 1484 1033 videO,
1519 979 1599 1020 an
1632 956 1836 1044 pofito

476 1078 672 1131 nexu,
700 1055 861 1142 quin
883 1052 1181 1142 ponenda
1203 1052 1322 1115 fint
1344 1050 1664 1113 elementa
1683 1046 1832 1112 sub-

472 1149 683 1212 tiliora
716 1162 909 1236 prout
935 1147 1168 1210 dantur
1202 1143 1517 1221 craffiora,
1544 1145 1608 1208 &
1635 1165 1837 1207 nexus

475 1243 844 1306 craffiorum
880 1263 1035 1304 cum
1068 1237 1503 1302 subtilioribus
1542 1259 1655 1325 per
1687 1259 1838 1300 con-

474 1337 740 1424 tiguum
770 1362 785 1413 ;
838 1332 944 1398 sed
979 1332 1056 1396 de
1091 1331 1187 1396 his
1210 1329 1463 1421 copiose
1497 1332 1715 1394 actum
1749 1330 1839 1395 est

474 1431 543 1493 in
597 1429 963 1517 Principiis,
1022 1427 1134 1491 ubi
1189 1440 1468 1514 quatuor
1517 1423 1838 1488 clementa

476 1522 684 1600 statui,
705 1521 945 1587 scilicet
966 1521 1407 1585 craffiffimum
1431 1518 1533 1582 vel
1555 1541 1835 1595 aereum,

475 1619 623 1682 dein
676 1616 1049 1690 aethereum,
1101 1630 1247 1678 tum
1297 1612 1508 1677 adhuc
1547 1609 1838 1676 subtilius

475 1711 653 1801 quod
688 1734 915 1775 vocare
939 1709 1119 1774 volui
1150 1708 1549 1771 elementum
1575 1729 1838 1794 magne-

475 1809 709 1884 ticum‚
732 1821 878 1870 tum
912 1801 1397 1868 subtiliffimum
1432 1801 1557 1864 five
1579 1801 1837 1864 univer-

477 1897 854 1964 saliffimum
878 1898 1071 1962 totius
1095 1894 1348 1974 mundi,
1372 1917 1512 1982 quae
1534 1895 1754 1957 omnia
1775 1890 1838 1956 se

475 1992 879 2082 respicerent,
903 2007 1038 2056 tam
1060 2014 1188 2079 qua
1214 2003 1455 2066 ortum,
1483 2010 1682 2076 quam
1710 2010 1838 2076 qua

473 2085 960 2152 subsistentiam.

573 2182 804 2267 Qum
827 2181 1044 2266 itaque
1071 2175 1430 2242 secundum
1454 2198 1721 2239 omnem
1745 2198 1838 2239 ra-

474 2274 725 2339 tionem
772 2272 1096 2361 sequatur,
1138 2270 1273 2334 dari
1313 2269 1464 2333 tales
1504 2269 1839 2358 particulas

476 2370 758 2432 minores
790 2370 854 2432 &
886 2366 1189 2439 minoreS,
1225 2387 1366 2452 quae
1404 2364 1839 2452 particulatim

476 2461 711 2552 poffint
764 2461 1035 2534 moveri,
1083 2462 1146 2524 &
1197 2455 1665 2545 consequenter
1710 2457 1839 2520 ele-

478 2556 854 2620 mentariter
888 2554 1104 2628 fluere,
1141 2551 1374 2616 exinde
1406 2549 1693 2639 sequitur
1728 2550 1838 2614 de-

478 2649 915 2722 monstrative,
960 2648 1135 2735 quod
1179 2645 1486 2709 elementi
1535 2644 1837 2708 craffioris

474 2743 801 2834 particulae
824 2764 954 2805 non
982 2740 1236 2828 poffint,
1259 2739 1419 2827 quin
1437 2737 1673 2802 lentius
1701 2761 1838 2801 mo-

477 2853 769 2911 veantur,
805 2833 1151 2900 subtilioris
1201 2832 1505 2896 elementi
1550 2832 1836 2921 particu-

476 2933 550 2996 lae
581 2931 888 2999 velocius,
914 2925 1259 2992 subtilioris
1287 2926 1498 2990 adhuc
1531 2925 1835 3000 velocius,

474 3030 539 3092 &
583 3025 758 3117 quod
796 3021 1095 3087 differant
1135 3022 1202 3086 in
1247 3019 1546 3109 gradibus
1590 3021 1654 3084 δε
1699 3042 1836 3083 mo-

1602 3113 1839 3177 mentis
