2080 3424
479 280 550 344 &²
580 279 764 366 cazgsa
774 279 974 363 finali
999 278 1340 344 creationis.
1465 303 1487 344 1
1505 306 1545 363 4
1555 299 1588 366 5

233 418 451 483 ultimi
486 416 747 482 effectus
780 415 889 481 seu
925 415 1213 480 hominis
1248 441 1403 481 cum
1440 419 1592 482 Infi-

232 516 371 578 nito
403 535 515 602 per
549 511 919 586 Infinitum,
958 526 1029 575 ut
1065 512 1148 575 fic
1191 510 1384 575 finale
1431 513 1593 576 divi-

233 631 397 672 num
431 606 856 671 obtineretur.
925 607 1079 691 Jam
1106 629 1218 694 per
1242 604 1495 694 lapsum
1532 611 1594 671 δὲ

230 701 580 790 imperium
614 699 897 789 corporis
932 701 999 763 in
1045 701 1333 763 animam
1369 716 1594 788 ruptus

230 793 321 858 est
353 812 580 872 nexuS,
619 809 693 858 ut
731 793 924 858 finale
968 793 1266 858 divinum
1316 817 1447 857 non
1495 793 1593 858 se-

230 903 567 977 queretur;
620 911 700 951 ne
727 903 944 952 tamen
982 887 1110 952 hoc
1143 887 1345 962 fieret,
1373 889 1593 977 provi-

228 986 335 1047 det
365 1006 478 1071 per
511 981 848 1046 infinitum
882 982 1328 1070 unigenitum,
1362 998 1433 1046 ut
1468 980 1597 1072 ipse

230 1077 526 1140 indueret
583 1075 892 1140 effectum
959 1077 1274 1140 ultimum
1340 1078 1594 1153 mundi,

231 1171 355 1235 five
390 1170 735 1234 hominem
770 1173 834 1236 δι
873 1171 1006 1258 ejus
1052 1169 1355 1259 figuram,
1395 1187 1466 1235 ut
1512 1172 1595 1236 fic

230 1264 519 1329 infinitus
554 1265 703 1328 effet
736 1266 803 1328 in
839 1268 901 1329 &
934 1288 1089 1329 cum
1123 1264 1331 1344 finito,
1355 1267 1418 1329 &
1444 1289 1596 1330 con—

230 1355 571 1447 sequenter
605 1375 677 1423 ut
712 1381 916 1423 nexus
941 1382 1053 1448 per
1079 1359 1270 1423 illum
1298 1359 1594 1423 reddere-

230 1469 337 1517 tur
363 1453 530 1517 inter
555 1452 818 1517 finitum
845 1457 908 1519 &
937 1452 1307 1532 Infinitum,
1333 1469 1405 1517 ut
1431 1454 1594 1518 obti-

231 1562 491 1611 neretur
523 1546 666 1611 finis
699 1548 1064 1636 primarius,
1137 1549 1240 1611 Sic
1273 1549 1592 1627 videmus,

224 1640 408 1729 quod
452 1642 676 1705 omnia
722 1638 1227 1730 conspiraverint
1272 1642 1350 1706 ad
1403 1642 1594 1706 illum

229 1735 430 1799 finem
475 1736 882 1824 primarium,
919 1736 1097 1823 quod
1141 1735 1286 1799 ideo
1332 1737 1476 1799 data
1522 1737 1596 1800 fit

230 1827 489 1893 homini
523 1829 757 1906 anima,
795 1830 972 1915 quod
1011 1853 1126 1918 per
1170 1830 1350 1894 illam
1398 1831 1594 1894 ratio-
1681 1872 1688 1880 ·

229 1923 388 1987 nalis
422 1922 626 1987 factus
663 1924 761 2001 fit,
794 1927 857 1989 &
891 1924 1070 2012 quod
1104 1921 1388 1989 diviserit
1423 1927 1487 1990 &
1523 1925 1594 1988 fi-

232 2017 372 2081 mul
412 2014 746 2081 sociaverit
790 2018 1144 2107 imperium
1189 2018 1255 2081 in
1302 2019 1597 2083 volunta-

229 2126 365 2175 tem
393 2134 551 2176 curn
579 2127 887 2201 utroque;
926 2135 1270 2200 quumque
1294 2111 1596 2202 praevide-

230 2220 350 2283 ret,
374 2204 502 2270 hoc
525 2229 655 2270 non
678 2203 1115 2270 succeffurum
1143 2204 1598 2295 effe‚'provide-

234 2314 329 2362 rat
355 2323 467 2388 per
494 2323 744 2364 nexum
773 2299 1024 2364 Infiniti
1046 2323 1200 2364 cum
1225 2302 1462 2366 ultimo
1485 2300 1598 2364 illo

233 2390 464 2458 effectu
498 2394 600 2458 vel
633 2417 788 2458 cum
824 2394 1120 2473 homine,
1145 2395 1258 2483 qui
1287 2396 1371 2459 fic
1397 2393 1599 2459 factus

234 2485 323 2550 est
356 2487 625 2552 ultimus
659 2487 924 2553 effectus
963 2491 1027 2554 &
1076 2489 1262 2553 simul
1310 2491 1491 2553 Deus
1536 2491 1599 2554 &

236 2579 439 2644 homo
474 2582 721 2647 medius
756 2584 924 2647 inter
955 2581 1220 2646 finitum
1262 2585 1325 2649 δε
1368 2583 1602 2648 Infini-

235 2689 413 2751 tum3
451 2674 629 2762 quod
656 2677 739 2740 fic
766 2699 876 2765 per
896 2699 1050 2740 eum
1076 2679 1140 2742 δε
1170 2700 1417 2740 nexum
1444 2700 1597 2740 cum

236 2767 348 2831 illo
394 2769 585 2832 unice
631 2769 900 2834 effemus
947 2769 1211 2834 effectus
1258 2771 1478 2834 ultimi
1522 2771 1599 2833 ad

238 2861 428 2925 illum
465 2862 705 2940 finem3
748 2864 1060 2952 quodque
1088 2865 1218 2928 fine
1243 2864 1355 2928 illo
1385 2863 1599 2927 nullus
1668 2938 1678 2948 ,-

237 2953 404 3020 foret
433 2978 636 3021 nexus
659 2955 854 3045 hujus
882 2958 1098 3022 ultimi
1124 2981 1280 3022 cum
1310 2957 1600 3031 Infinit0‚

992 3054 1055 3115 K
1543 3053 1605 3115 &
