2080 3424
463 230 534 295 ἅθ’
566 230 749 316 causa
761 228 958 313 finali
984 229 1324 295 creationis.
1489 251 1570 317 33

211 365 338 429 rius
383 364 730 442 tendimus,
768 385 921 427 nam
972 363 1237 428 ulterius
1281 364 1572 428 eundum

210 457 322 532 est,
358 481 570 545 quum
602 457 993 547 percipimus
1030 457 1194 520 nihil
1229 480 1309 521 ex
1344 455 1407 521 se
1442 460 1573 521 exi-

209 550 366 615 stere
401 549 590 639 posse,
627 547 732 615 sed
769 573 848 615 ex
884 548 1091 628 causa,
1115 567 1335 614 mente
1362 553 1573 615 omni-

208 667 295 708 no
322 669 356 708 a
383 645 568 709 finito
589 644 680 709 ire
704 645 978 709 nitimur
999 644 1076 708 ad
1100 644 1369 734 aliquid,
1395 646 1572 734 quod

208 739 422 802 vocari
454 739 640 827 poffit
667 737 1107 814 indefinitum,
1137 762 1256 803 nec
1290 737 1573 828 quiesce-

206 855 274 895 re
305 832 636 921 possumus
669 834 737 896 in
773 833 1112 898 indefinito
1144 835 1208 898 δε
1243 834 1331 897 ibi
1377 856 1572 922 pone-

204 948 272 990 re
313 927 513 990 finem
569 928 696 991 fine
729 925 936 1004 causa,
975 928 1098 992 five
1142 925 1402 991 causam
1446 928 1572 1016 pri-

205 1042 424 1097 mam3
472 1017 579 1084 sed
612 1021 1107 1086 terminabimus
1142 1021 1309 1085 ideas
1336 1023 1403 1085 in
1432 1022 1569 1097 tali,

203 1114 381 1201 quod
404 1114 664 1178 nullum
690 1130 1040 1204 quantum,
1066 1115 1328 1180 nullum
1350 1131 1571 1180 exten-

205 1205 492 1282 sum,vel
514 1210 832 1273 rationem
855 1211 1084 1299 quanti
1106 1224 1214 1274 aut
1237 1210 1474 1274 extenfi
1502 1210 1569 1274 in

205 1298 268 1365 se
303 1301 555 1381 habeat,
589 1306 653 1369 ὅτ,
694 1303 760 1367 in
795 1326 928 1392 quo
963 1304 1140 1368 nulla
1183 1304 1369 1378 ratic,
1405 1303 1570 1368 nihil

205 1396 432 1476 simile,
456 1395 580 1462 hoc
615 1396 725 1474 est,
754 1397 822 1461 in
848 1421 982 1487 quo
1010 1398 1270 1462 nullum
1306 1398 1569 1462 finitum

205 1490 303 1563 fit,
332 1491 508 1579 quod
536 1491 812 1555 idemest
836 1515 992 1556 cum
1020 1494 1109 1557 IN
1129 1514 1164 1557 F
1183 1515 1206 1557 1
1226 1515 1306 1558 NI
1327 1516 1447 1558 TO.
1505 1493 1570 1556 Si

204 1583 479 1649 velimus
523 1609 557 1650 a
605 1586 935 1675 primitivo
981 1585 1106 1650 hoc
1151 1587 1251 1651 vel
1296 1586 1570 1675 fimplici

204 1678 281 1742 ad
330 1680 623 1767 primum
671 1680 944 1744 modum
991 1696 1100 1744 aut
1146 1696 1404 1744 motum
1456 1704 1568 1745 nos

203 1770 519 1852 conferre,
555 1773 661 1838 ille
695 1776 813 1839 erit
846 1774 947 1839 vel
994 1775 1264 1864 fimplex
1299 1774 1401 1839 vel
1446 1798 1568 1863 pu-

204 1888 330 1943 ruS,
359 1867 461 1931 vel
489 1867 687 1933 modo
713 1883 978 1933 conatus
1007 1884 1116 1933 aut
1150 1868 1343 1933 status
1370 1868 1566 1932 inter-

206 1982 324 2024 nus
382 1961 459 2025 ad
509 1978 809 2041 motum3
886 1959 992 2026 sed
1051 1963 1267 2027 unde?
1339 1963 1564 2051 posim,

204 2053 383 2142 quod
416 2054 608 2121 status
636 2057 708 2121 fit
741 2058 838 2122 vel
877 2072 1143 2121 conatus
1169 2056 1247 2121 ad
1284 2071 1566 2133 motum,

203 2148 312 2213 ille
357 2171 477 2218 nec
526 2150 730 2239 potest
780 2175 814 2215 a
866 2149 928 2215 se
978 2151 1156 2229 oriri,
1209 2148 1316 2214 sed
1356 2152 1568 2215 trahet

206 2244 478 2308 omnino
510 2260 728 2309 ortum
761 2245 840 2310 ab
862 2245 986 2310 alio
1015 2272 1030 2323 ;
1085 2246 1125 2310 fi
1156 2269 1190 2309 a
1213 2246 1396 2310 finito
1418 2245 1565 2322 alio,

204 2338 532 2424 quaeritur,
587 2338 759 2404 unde
822 2339 956 2428 ejus
1013 2354 1248 2417 motuS‚
1302 2357 1568 2404 conatus

205 2447 315 2495 aut
349 2431 588 2498 status?
637 2434 788 2522 quia
824 2436 890 2497 in
927 2450 1113 2499 motu
1148 2432 1238 2497 est
1281 2434 1565 2510 finitum,

205 2523 271 2587 in
304 2534 541 2592 conatu
576 2544 687 2592 aut
718 2528 783 2591 in
821 2527 983 2592 statu
1018 2529 1273 2593 interno
1306 2527 1383 2592 ad
1424 2550 1568 2591 mo-

208 2633 352 2684 tum
386 2621 474 2685 est
507 2621 680 2686 idem
714 2621 814 2686 vel
854 2622 1097 2711 aliquid
1138 2623 1350 2686 motui
1394 2622 1567 2686 fimi-

206 2710 305 2789 le;
358 2715 442 2779 fic
483 2715 746 2781 tandem
782 2717 978 2780 etiam
1024 2717 1144 2781 hac
1182 2716 1283 2782 via
1335 2716 1412 2781 ad
1458 2718 1565 2781 In-

208 2805 492 2889 finitum,'
528 2809 792 2900 ejusque
828 2809 1292 2876 confeffionem
1343 2833 1563 2900 perve-

211 2900 444 2967 nimus,

978 3001 1033 3063 C
1330 3002 1563 3087 Qum
