2080 3424
436 277 507 343 δέ
536 279 719 365 causa
732 277 930 361 finali
949 277 1288 344 creationis.
1452 301 1535 367 39

183 428 360 486 turae,
407 411 604 476 velim
644 410 883 475 idcirco
926 410 1296 487 concedere,
1340 426 1411 475 ut
1462 434 1538 475 eo

182 506 447 571 fimilior
466 508 529 570 δε
555 506 928 569 unanimior
953 506 1020 568 in
1047 505 1400 569 rationibus
1427 528 1539 569 no-

181 597 314 663 stris
348 596 690 663 consensus
729 602 792 664 &
824 598 1167 663 concordia
1206 598 1303 674 fit,
1339 598 1539 663 velim

179 694 246 757 in
269 693 532 757 illorum
553 708 801 782 partem
823 693 934 770 ire,
962 691 1128 756 nihil
1154 706 1364 771 nocet,
1386 691 1542 780 quia

167 787 310 875 jam
367 786 726 875 agnoscunt
772 802 1069 851 naturam
1113 808 1246 850 non
1292 800 1365 850 ut
1409 785 1540 874 pri·

180 904 358 944 mam
382 880 614 945 mundi
635 878 918 956 causam,
945 877 1053 944 sed
1076 895 1147 944 ut
1167 877 1539 955 secundam,

178 976 243 1040 &
280 974 458 1063 quod
503 997 635 1039 non
681 975 754 1039 fit
794 971 1072 1038 secunda
1118 971 1304 1038 causa
1349 995 1542 1061 agens

176 1091 290 1156 per
321 1065 405 1145 se,
442 1069 558 1132 nifi
603 1084 916 1156 quatenus
943 1067 1083 1154 'hoc
1123 1069 1437 1156 acceperit
1477 1069 1543 1132 δε

177 1178 490 1250 perpetuo
524 1162 793 1251 accipiat
826 1186 861 1226 a
893 1163 1123 1250 prima,
1163 1161 1289 1226 hoc
1323 1161 1433 1240 est,
1462 1161 1542 1224 ab

180 1256 479 1332 Infinito;
533 1252 894 1344 agnoscunt
907 1255 1072 1343 jam,
1097 1271 1396 1320 naturam
1423 1252 1543 1319 effe

180 1350 257 1414 ab
282 1349 550 1414 Infinito
576 1351 699 1414 five
735 1352 882 1414 Deo
902 1349 1308 1439 productam,
1338 1372 1543 1437 agno-

180 1440 367 1507 scunt
400 1444 579 1507 enim
613 1443 791 1507 illam
812 1459 886 1509 ut
918 1441 1275 1519 causatum,
1298 1446 1362 1509 ὃς
1384 1443 1546 1508 Infi-

180 1538 396 1601 nitum
425 1552 498 1602 ut
529 1534 788 1602 causam
816 1563 830 1601 ε
883 1537 1214 1602 videamus
1238 1538 1402 1626 jam,
1436 1560 1544 1601 an-

180 1654 316 1696 non
351 1631 500 1695 inde
528 1631 741 1695 adhuc
768 1632 1001 1696 melius
1022 1629 1406 1720 agnoscatur
1439 1632 1546 1694 In-

179 1725 468 1800 finitum,
506 1722 746 1790 scilicet
779 1726 823 1789 fi
859 1725 1274 1789 concefferim
1318 1724 1446 1801 illa,
1481 1727 1546 1790 δε

179 1842 430 1883 numne
463 1819 612 1884 inde
638 1817 977 1884 necessario
1003 1816 1324 1909 sequatur,
1352 1821 1416 1884 &
1442 1820 1546 1882 ad-

180 1913 312 1977 huc
346 1912 700 1978 distinctius
733 1911 1072 1989 elucescat,
1109 1931 1408 1977 naturam
1448 1910 1547 1975 sui

179 2005 438 2071 causam
472 2030 605 2072 non
640 2006 760 2072 effe
793 2007 986 2096 poffe,
1017 2005 1125 2072 sed
1170 2007 1541 2072 Infinitum.

275 2195 564 2260 Ponatur
585 2195 826 2283 itaque,
848 2219 882 2259 e
907 2195 1248 2284 primitivis
1275 2194 1395 2258 illis
1420 2192 1543 2258 mi·
1638 2204 1841 2278 Ponatur·

180 2290 372 2354 nimis
422 2289 817 2353 naturalibus
851 2289 1133 2353 derivata
1167 2287 1287 2353 effe
1321 2289 1543 2352 omnia
1566 2271 1855 2384 {nssffjlmailff'

179 2382 312 2462 illa,
348 2405 754 2472 quaecunque
789 2398 923 2447 tam
957 2384 1023 2447 in
1078 2382 1329 2446 mundo
1365 2379 1542 2470 aspe-
1565 2408 1701 2452 omnia
1723 2421 1794 2449 na-

183 2477 401 2541 &abili
435 2500 636 2566 quam
671 2476 739 2540 in
791 2500 924 2541 non
966 2473 1330 2565 aspectabili
1383 2477 1499 2540 fint
1525 2502 1540 2553 ;
1567 2472 1767 2585 turba-&er

182 2586 458 2659 ponatur
512 2571 731 2647 etiam,
777 2569 912 2636 haec
952 2594 1064 2660 per
1109 2552 1634 2635 neceffitaoempro
1662 2539 1808 2600 affin*

185 2664 512 2751 quandam
590 2665 953 2730 naturalem
984 2713 1002 2740 ,
1069 2665 1544 2738 mechanicam,

186 2759 674 2845 geometricam,
689 2757 1038 2847 phyficam,
1055 2759 1155 2823 vel
1181 2781 1292 2849 per
1319 2781 1546 2846 quam-

188 2872 446 2939 cunque
495 2852 687 2915 aliam
727 2853 904 2928 veliS,
937 2852 1162 2917 omnia
1207 2850 1546 2916 succeffive

187 2968 268 3009 ex
309 2943 406 3010 his
448 2946 788 3034 primitivis
835 2945 1128 3024 fiuxiffe3
1180 2944 1340 3035 quid
1389 2966 1546 3032 ergo

838 3041 893 3104 C
932 3062 976 3124 4
1397 3037 1547 3101 inde
