2080 3424
430 271 500 336 ἅθ’
533 270 714 358 causa
724 269 926 358 finali
953 269 1291 335 creationis.
1420 292 1498 334 10
1508 290 1542 356 5

180 430 334 472 nam
369 407 521 496 quia
554 404 683 470 hoc
716 405 1015 481 affirmat,
1052 404 1206 468 facit
1240 404 1402 468 illud
1435 429 1547 494 po-

179 501 459 577 fitivum‚
484 499 662 589 quod
689 499 763 563 fit
798 513 1114 586 tanquam
1150 520 1283 561 non
1320 499 1547 587 ampli-

180 617 251 658 us
273 593 721 682 quaerendum,
747 590 851 656 sed
877 592 1218 680 quaefitum
1242 593 1304 655 δε
1324 592 1547 655 inven-

177 702 344 764 tum,
382 686 678 776 quamvis
713 683 979 762 nesciat,
1017 684 1207 773 quale
1243 685 1318 749 s1t
1351 682 1546 749 suum

177 796 411 845 notum
445 781 710 870 pofitive
742 781 1178 856 affirmatum3
1231 776 1339 843 sed
1374 776 1547 842 suffi-

176 876 284 952 cit,
309 875 487 963 quod
510 875 785 964 amplius
811 873 941 939 hoc
968 897 1102 938 non
1137 887 1397 962 quaerat,
1423 896 1548 936 un-

178 969 256 1033 de
278 992 411 1033 non
431 969 709 1058 amplius
732 968 791 1033 ei
810 968 1078 1032 inhaeret
1101 990 1303 1043 mens;
1333 990 1548 1055 quum

178 1064 396 1153 itaque
447 1064 507 1127 ei
557 1085 690 1126 non
742 1063 1019 1152 amplius
1067 1061 1359 1138 inhaeret,
1414 1083 1547 1124 non

178 1157 557 1221 mirandum
578 1156 689 1234 est,
715 1157 759 1221 fi
783 1157 1051 1222 ulterius
1066 1155 1211 1243 jam
1238 1158 1328 1220 ire
1357 1154 1549 1243 gesti-

177 1266 264 1325 at,
292 1251 709 1339 &inquirere
743 1250 810 1315 in
844 1252 1160 1316 NEXUM
1201 1250 1450 1314 Infiniti
1484 1253 1548 1315 δε

176 1343 365 1420 finiti,
395 1346 462 1408 in
480 1360 740 1409 'nexum
766 1342 967 1409 causae
993 1347 1057 1409 δε
1082 1341 1352 1408 causati:
1393 1367 1547 1408 nam

177 1463 390 1527 quum
426 1462 607 1503 mens
642 1439 1085 1516 ratiocinatur,
1108 1440 1172 1504 &
1200 1436 1549 1526 acquiescit

178 1534 245 1596 in
282 1557 416 1597 uno
451 1548 768 1621 tanquam
805 1556 936 1598 non
973 1531 1249 1621 amplius
1285 1532 1546 1597 dubita-

177 1628 335 1702 tivo,
375 1628 618 1716 linquit
662 1626 933 1715 quidem
977 1625 1104 1690 hoc
1149 1624 1384 1715 ipsum,
1429 1650 1550 1691 nec

176 1723 245 1785 in
279 1738 485 1810 partes
519 1724 594 1799 it,
626 1743 779 1785 nam
810 1722 1011 1796 novit,
1042 1719 1221 1809 quod
1247 1721 1315 1784 in
1342 1738 1549 1808 partes

178 1816 268 1880 ire
304 1830 621 1904 nequeat3
674 1812 782 1878 sed
804 1814 949 1903 jam
976 1814 1183 1902 magis
1209 1815 1548 1903 magisque

177 1909 586 1999 approximat
608 1907 959 1997 cogitando
988 1908 1066 1973 ad
1092 1909 1220 1972 hoc
1245 1908 1545 1986 finitum;

177 2027 409 2068 verum
438 2018 790 2091 antequam
818 2002 945 2068 hoc
971 2003 1191 2091 arripit
1219 2006 1282 2068 ὃς
1315 2002 1441 2066 hoc
1470 2004 1549 2066 ri-

179 2098 343 2162 mari
395 2098 560 2175 vult,
611 2096 996 2162 intermedia
1041 2096 1334 2186 primum
1380 2120 1549 2185 quae-

176 2193 260 2256 rit
292 2194 356 2256 ὃς
390 2191 782 2272 ruminatur,
813 2214 979 2256 num
1010 2191 1083 2255 fit
1119 2213 1347 2270 nexus,
1386 2214 1549 2256 num

179 2285 422 2375 aliquid
466 2286 656 2375 quale
701 2286 890 2375 poffit
935 2285 1212 2349 inveniri
1256 2286 1325 2348 in
1371 2309 1547 2349 nexu

180 2377 380 2444 causae
413 2383 476 2445 &c
501 2377 766 2459 causati,
795 2379 922 2444 hoc
955 2378 1069 2460 est,
1100 2380 1168 2444 in
1205 2380 1457 2444 Infiniti
1484 2383 1549 2445 δε

179 2474 376 2562 primi
427 2474 637 2538 finiti?
686 2470 893 2563 sperat
944 2471 1006 2538 se
1059 2473 1328 2563 quidem
1379 2472 1550 2562 posse

180 2567 478 2655 detegere
523 2567 907 2657 qualitatem
953 2569 1021 2633 in
1076 2570 1292 2658 primo
1338 2568 1547 2643 finito,

121 2667 130 2676 “
179 2658 286 2725 sed
320 2659 536 2750 exspes
570 2661 680 2739 est,
704 2678 776 2726 ut
803 2662 1184 2751 qualitatem
1210 2661 1398 2751 poffit
1432 2661 1546 2724 de-

181 2770 399 2843 tegere
421 2756 486 2818 in
514 2754 778 2820 Infinito
804 2783 819 2833 ;
858 2754 967 2821 sed
989 2758 1173 2845 ponit
1195 2754 1398 2844 usque
1422 2754 1549 2818 hoc

181 2848 554 2927 Infinitum,
582 2863 655 2913 ut
689 2845 877 2939 supra
911 2849 1068 2928 dixi,
1093 2866 1408 2938 tanquam
1436 2871 1549 2911 no-

183 2958 329 3006 tum
365 2942 518 3032 quia
551 2942 1039 3010 affirmativum.

821 3036 887 3100 G
925 3056 959 3123 5
1313 3036 1546 3119 Qum
