2080 3424
439 252 510 317 δέ’
540 250 935 338 causafinali
959 250 1298 317 creationis.
1425 274 1448 316 1
1473 274 1494 316 1
1517 275 1549 341 3

191 387 650 451 affirmativum
697 410 774 450 eo
819 384 1072 466 fortius,
1117 386 1293 475 quod
1348 409 1553 452 nexus

191 482 264 545 fit
297 480 547 544 Infiniti
578 483 643 546 δε
677 480 868 559 finiti,
905 477 1013 543 sed
1046 480 1251 568 qualis
1285 480 1381 552 fit,
1419 504 1552 544 non

190 575 415 638 datum
449 572 539 637 est
571 574 804 639 rationi
835 571 1013 650 scire,
1039 574 1192 662 quia
1228 596 1429 637 nexus
1464 589 1552 637 et-

188 668 317 731 iam
351 668 644 732 infinitus
676 668 787 732 est.
891 667 1073 731 Hinc
1113 667 1342 755 pofitio
1376 668 1549 731 affir-

186 782 424 841 matur,
461 759 568 826 sed
605 762 875 854 qualitas
908 762 1264 850 ignoratur.

278 948 401 1013 Sed
426 948 692 1014 fortaffis
720 949 950 1037 aliquis
976 946 1038 1013 se
1072 950 1389 1013 rationem
1426 949 1546 1014 ob-

170 1041 445 1129 jiciendi
490 1045 724 1108 habere
767 1058 974 1134 putat,
1019 1042 1146 1107 hoc
1191 1043 1544 1122 involvere,

182 1151 497 1226 tanquam
544 1139 814 1203 ultimus
856 1137 1000 1202 finis
1044 1135 1547 1202 substantiarum

181 1232 307 1295 five
336 1233 551 1296 ultimi
576 1231 839 1297 effeetus
873 1232 1189 1296 naturales
1224 1230 1419 1295 effent
1452 1233 1548 1296 in-

179 1322 387 1403 finiti3
439 1324 546 1391 sed
580 1326 715 1390 haec
749 1326 880 1390 duo
913 1341 1046 1389 tam
1083 1326 1278 1415 longe
1313 1325 1547 1391 distant

179 1435 374 1507 prout
411 1419 755 1485 Infinitum
791 1444 826 1484 a
853 1420 1065 1498 finito,
1094 1420 1196 1483 vel
1231 1420 1326 1484 uti
1362 1421 1546 1509 loqui

178 1510 492 1590 solent,ut
514 1515 756 1579 coelum
781 1538 815 1578 a
842 1529 1036 1579 terra:
1077 1537 1229 1578 nam
1251 1515 1544 1603 primum

177 1629 287 1671 ens
324 1609 614 1673 naturale
649 1608 739 1672 est
764 1610 1124 1672 minimum
1153 1608 1337 1681 illud,
1363 1609 1544 1696 cujus

178 1701 363 1765 toties
422 1705 827 1767 mentionem
886 1701 1189 1780 feceram,
1250 1698 1542 1790 primum

177 1794 341 1858 illud
376 1797 664 1861 naturale
711 1821 843 1862 non
890 1794 980 1859 est
1026 1796 1399 1872 Infinitum,
1437 1796 1542 1861 sed

176 1888 527 1954 Infinitum
561 1891 650 1955 est
676 1890 863 1956 causa
890 1890 1065 1954 istius
1091 1891 1283 1966 entis;
1332 1914 1540 1978 quum

174 1982 463 2071 primum
491 2008 600 2049 ens
629 1985 919 2050 naturale
947 1985 1021 2048 fit
1046 1982 1233 2048 causa
1260 1985 1542 2073 reliquo-

176 2101 323 2141 rum
351 2080 602 2142 entium
632 2078 1027 2144 naturalium
1056 2076 1258 2167 usque
1287 2079 1363 2143 ad
1393 2080 1540 2143 ulti·

176 2195 386 2249 mum,
423 2172 579 2237 hinc
613 2176 810 2238 etiam
846 2174 1159 2237 ultimum
1201 2195 1310 2236 ens
1346 2189 1538 2237 natu-

173 2265 302 2330 rale
340 2290 470 2330 non
505 2268 710 2357 potest
744 2266 864 2331 effe
894 2259 1090 2356 quam
1122 2266 1349 2342 fimile,
1375 2266 1539 2332 scili-

173 2375 275 2423 cet
309 2361 504 2425 etiam
533 2362 794 2427 finitum
820 2364 884 2427 δε
912 2362 1223 2438 naturale,
1250 2384 1369 2425 nec
1396 2362 1538 2426 infi-

175 2454 421 2531 nitum3
463 2479 806 2545 quumque
833 2457 898 2518 in
926 2456 1140 2545 primo
1167 2471 1314 2519 ente
1350 2471 1538 2520 natu-

174 2548 291 2610 rali
326 2571 458 2612 non
491 2550 695 2638 potest
730 2550 850 2614 effe
880 2549 1248 2626 Infinitum,
1278 2551 1431 2637 quia
1466 2551 1536 2614 fi-

175 2641 389 2705 nitum
430 2646 494 2709 δε
539 2645 873 2709 infinitum
923 2645 1113 2709 fimul
1164 2666 1376 2707 unum
1427 2667 1536 2709 ens

91 2782 93 2785 .
174 2733 567 2801 constituens
631 2739 1027 2803 rationaliter
1109 2760 1242 2802 non
1325 2737 1533 2816 datur,

173 2828 332 2893 hinc
366 2831 560 2894 etiam
596 2832 663 2895 in
699 2832 935 2896 ultimo
981 2847 1127 2896 ente
1163 2854 1295 2895 non
1330 2830 1536 2918 potest

174 2923 364 2987 fimul
409 2922 528 2987 effe
574 2923 838 2990 finitum
882 2928 947 2991 Sc
994 2926 1365 3000 Infinitum,
1410 2926 1534 2988 five

872 3020 941 3083 H
1281 3019 1531 3096 clariuS‚
