<?xml version="1.0" encoding="UTF-8"?>
<!DOCTYPE html PUBLIC "-//W3C//DTD XHTML 1.0 Transitional//EN"
    "http://www.w3.org/TR/xhtml1/DTD/xhtml1-transitional.dtd">
<html xmlns="http://www.w3.org/1999/xhtml" xml:lang="en" lang="en">
 <head>
  <title>
</title>
<meta http-equiv="Content-Type" content="text/html;charset=utf-8" />
  <meta name='ocr-system' content='tesseract 3.04.00' />
  <meta name='ocr-capabilities' content='ocr_page ocr_carea ocr_par ocr_line ocrx_word'/>
</head>
<body>
  <div class='ocr_page' id='page_1' title='image "./prodromusphiloso00sweduoft/prodromusphiloso00sweduoft_0223.png"; bbox 0 0 2080 3424; ppageno 0'>
   <div class='ocr_carea' id='block_1_1' title="bbox 312 278 1577 372">
    <p class='ocr_par' dir='ltr' id='par_1_1' title="bbox 312 278 1577 372">
     <span class='ocr_line' id='line_1_1' title="bbox 312 278 1577 372; baseline -0.001 -26"><span class='ocrx_word' id='word_1_1' title='bbox 312 279 669 372; x_wconf 79' lang='lat' dir='ltr'><em>operationis</em></span> <span class='ocrx_word' id='word_1_2' title='bbox 702 279 924 346; x_wconf 80' lang='lat' dir='ltr'><strong>animae</strong></span> <span class='ocrx_word' id='word_1_3' title='bbox 958 278 1028 344; x_wconf 68' lang='lat'><strong>&amp;²</strong></span> <span class='ocrx_word' id='word_1_4' title='bbox 1060 280 1340 369; x_wconf 80' lang='lat' dir='ltr'><strong>corporis.</strong></span> <span class='ocrx_word' id='word_1_5' title='bbox 1446 299 1577 368; x_wconf 86' lang='lat'><strong>207</strong></span> 
     </span>
    </p>
   </div>
   <div class='ocr_carea' id='block_1_2' title="bbox 196 415 1580 3123">
    <p class='ocr_par' dir='ltr' id='par_1_2' title="bbox 196 415 1580 3042">
     <span class='ocr_line' id='line_1_2' title="bbox 209 415 1579 505; baseline -0.001 -23"><span class='ocrx_word' id='word_1_6' title='bbox 209 415 272 482; x_wconf 90' lang='lat' dir='ltr'><strong>se</strong></span> <span class='ocrx_word' id='word_1_7' title='bbox 306 418 413 482; x_wconf 91' lang='lat' dir='ltr'><strong>est.</strong></span> <span class='ocrx_word' id='word_1_8' title='bbox 516 417 654 503; x_wconf 79' lang='lat' dir='ltr'>Q</span> <span class='ocrx_word' id='word_1_9' title='bbox 686 417 908 505; x_wconf 89' lang='lat' dir='ltr'><strong>itaque</strong></span> <span class='ocrx_word' id='word_1_10' title='bbox 930 416 1072 504; x_wconf 91' lang='lat' dir='ltr'><strong>jam</strong></span> <span class='ocrx_word' id='word_1_11' title='bbox 1107 417 1175 480; x_wconf 92' lang='lat' dir='ltr'><strong>in</strong></span> <span class='ocrx_word' id='word_1_12' title='bbox 1213 440 1387 481; x_wconf 88' lang='lat' dir='ltr'><strong>nexu</strong></span> <span class='ocrx_word' id='word_1_13' title='bbox 1423 416 1579 481; x_wconf 90' lang='lat' dir='ltr'><strong>fina-</strong></span> 
     </span>
     <span class='ocr_line' id='line_1_3' title="bbox 209 508 1580 599; baseline -0.001 -24"><span class='ocrx_word' id='word_1_14' title='bbox 209 511 284 576; x_wconf 85' lang='lat' dir='ltr'><strong>lis</strong></span> <span class='ocrx_word' id='word_1_15' title='bbox 319 511 522 575; x_wconf 90' lang='lat' dir='ltr'>divini</span> <span class='ocrx_word' id='word_1_16' title='bbox 554 508 729 591; x_wconf 83' lang='lat' dir='ltr'><strong>sunt,</strong></span> <span class='ocrx_word' id='word_1_17' title='bbox 764 511 881 599; x_wconf 90' lang='lat' dir='ltr'><strong>qui</strong></span> <span class='ocrx_word' id='word_1_18' title='bbox 928 531 1131 574; x_wconf 86' lang='lat' dir='ltr'><strong>nexus</strong></span> <span class='ocrx_word' id='word_1_19' title='bbox 1175 533 1289 598; x_wconf 92' lang='lat' dir='ltr'><strong>per</strong></span> <span class='ocrx_word' id='word_1_20' title='bbox 1334 511 1580 574; x_wconf 85' lang='lat' dir='ltr'>delitias</span> 
     </span>
     <span class='ocr_line' id='line_1_4' title="bbox 210 602 1577 694; baseline 0 -26"><span class='ocrx_word' id='word_1_21' title='bbox 210 606 443 668; x_wconf 87' lang='lat' dir='ltr'><strong>amoris</strong></span> <span class='ocrx_word' id='word_1_22' title='bbox 476 627 627 694; x_wconf 85' lang='lat' dir='ltr'><strong>erga</strong></span> <span class='ocrx_word' id='word_1_23' title='bbox 662 607 888 669; x_wconf 94' lang='lat' dir='ltr'><strong>Deum</strong></span> <span class='ocrx_word' id='word_1_24' title='bbox 936 602 1232 682; x_wconf 85' lang='lat' dir='ltr'>sentitur,</span> <span class='ocrx_word' id='word_1_25' title='bbox 1272 626 1402 667; x_wconf 90' lang='lat' dir='ltr'><strong>non</strong></span> <span class='ocrx_word' id='word_1_26' title='bbox 1438 627 1577 691; x_wconf 88' lang='lat' dir='ltr'><strong>pos-</strong></span> 
     </span>
     <span class='ocr_line' id='line_1_5' title="bbox 206 696 1575 787; baseline -0.001 -25"><span class='ocrx_word' id='word_1_27' title='bbox 206 696 356 762; x_wconf 89' lang='lat' dir='ltr'>sunt</span> <span class='ocrx_word' id='word_1_28' title='bbox 389 699 550 786; x_wconf 77' lang='lat' dir='ltr'><strong>quIn</strong></span> <span class='ocrx_word' id='word_1_29' title='bbox 578 698 901 787; x_wconf 88' lang='lat' dir='ltr'><strong>reciproce</strong></span> <span class='ocrx_word' id='word_1_30' title='bbox 927 699 995 761; x_wconf 93' lang='lat' dir='ltr'><strong>in</strong></span> <span class='ocrx_word' id='word_1_31' title='bbox 1024 720 1244 761; x_wconf 89' lang='lat' dir='ltr'><strong>amore</strong></span> <span class='ocrx_word' id='word_1_32' title='bbox 1274 698 1404 762; x_wconf 91' lang='lat' dir='ltr'><strong>Dei</strong></span> <span class='ocrx_word' id='word_1_33' title='bbox 1430 699 1575 775; x_wconf 89' lang='lat' dir='ltr'><strong>fint‚</strong></span> 
     </span>
     <span class='ocr_line' id='line_1_6' title="bbox 206 789 1576 879; baseline 0 -25"><span class='ocrx_word' id='word_1_34' title='bbox 206 807 523 879; x_wconf 87' lang='lat' dir='ltr'><strong>quatenus</strong></span> <span class='ocrx_word' id='word_1_35' title='bbox 572 793 638 856; x_wconf 90' lang='lat' dir='ltr'><strong>in</strong></span> <span class='ocrx_word' id='word_1_36' title='bbox 696 815 872 856; x_wconf 89' lang='lat' dir='ltr'><strong>nexu</strong></span> <span class='ocrx_word' id='word_1_37' title='bbox 929 792 1175 870; x_wconf 83' lang='lat' dir='ltr'><strong>divinO,</strong></span> <span class='ocrx_word' id='word_1_38' title='bbox 1231 793 1295 856; x_wconf 63' lang='grc' dir='ltr'><strong>ὃς</strong></span> <span class='ocrx_word' id='word_1_39' title='bbox 1358 789 1576 855; x_wconf 89' lang='lat' dir='ltr'><strong>conse-</strong></span> 
     </span>
     <span class='ocr_line' id='line_1_7' title="bbox 205 886 1573 974; baseline -0.001 -25"><span class='ocrx_word' id='word_1_40' title='bbox 205 901 499 972; x_wconf 90' lang='lat' dir='ltr'><strong>quenter,</strong></span> <span class='ocrx_word' id='word_1_41' title='bbox 523 886 685 974; x_wconf 93' lang='lat' dir='ltr'><strong>quin</strong></span> <span class='ocrx_word' id='word_1_42' title='bbox 713 908 898 949; x_wconf 89' lang='lat' dir='ltr'><strong>amor</strong></span> <span class='ocrx_word' id='word_1_43' title='bbox 934 886 1064 951; x_wconf 92' lang='lat' dir='ltr'><strong>Dei</strong></span> <span class='ocrx_word' id='word_1_44' title='bbox 1099 908 1248 973; x_wconf 86' lang='lat' dir='ltr'><strong>erga</strong></span> <span class='ocrx_word' id='word_1_45' title='bbox 1283 886 1573 949; x_wconf 87' lang='lat' dir='ltr'><strong>animam</strong></span> 
     </span>
     <span class='ocr_line' id='line_1_8' title="bbox 203 979 1575 1068; baseline 0.001 -28"><span class='ocrx_word' id='word_1_46' title='bbox 203 979 271 1041; x_wconf 91' lang='lat' dir='ltr'><strong>in</strong></span> <span class='ocrx_word' id='word_1_47' title='bbox 306 1002 385 1043; x_wconf 89' lang='lat' dir='ltr'><strong>eo</strong></span> <span class='ocrx_word' id='word_1_48' title='bbox 420 980 595 1068; x_wconf 90' lang='lat' dir='ltr'><strong>quafi</strong></span> <span class='ocrx_word' id='word_1_49' title='bbox 631 979 850 1044; x_wconf 90' lang='lat' dir='ltr'><strong>fimilis</strong></span> <span class='ocrx_word' id='word_1_50' title='bbox 884 979 958 1044; x_wconf 89' lang='lat' dir='ltr'><strong>fit</strong></span> <span class='ocrx_word' id='word_1_51' title='bbox 994 981 1200 1043; x_wconf 91' lang='lat' dir='ltr'><strong>amori</strong></span> <span class='ocrx_word' id='word_1_52' title='bbox 1241 980 1472 1043; x_wconf 87' lang='lat' dir='ltr'><strong>animae</strong></span> <span class='ocrx_word' id='word_1_53' title='bbox 1507 980 1575 1042; x_wconf 90' lang='lat' dir='ltr'><strong>in</strong></span> 
     </span>
     <span class='ocr_line' id='line_1_9' title="bbox 202 1069 1575 1162; baseline 0.001 -27"><span class='ocrx_word' id='word_1_54' title='bbox 202 1069 395 1136; x_wconf 92' lang='lat' dir='ltr'><strong>suum</strong></span> <span class='ocrx_word' id='word_1_55' title='bbox 431 1074 911 1150; x_wconf 88' lang='lat' dir='ltr'><strong>amiciffimum,</strong></span> <span class='ocrx_word' id='word_1_56' title='bbox 948 1075 1102 1162; x_wconf 91' lang='lat' dir='ltr'><strong>quia</strong></span> <span class='ocrx_word' id='word_1_57' title='bbox 1135 1073 1575 1160; x_wconf 66' lang='lat' dir='ltr'><strong>conjuntstisfi-</strong></span> 
     </span>
     <span class='ocr_line' id='line_1_10' title="bbox 202 1167 1574 1255; baseline 0.002 -27"><span class='ocrx_word' id='word_1_58' title='bbox 202 1189 392 1230; x_wconf 93' lang='lat' dir='ltr'><strong>mum</strong></span> <span class='ocrx_word' id='word_1_59' title='bbox 443 1190 698 1255; x_wconf 87' lang='lat' dir='ltr'><strong>corpus,</strong></span> <span class='ocrx_word' id='word_1_60' title='bbox 745 1183 817 1232; x_wconf 93' lang='lat' dir='ltr'><strong>ut</strong></span> <span class='ocrx_word' id='word_1_61' title='bbox 864 1168 1117 1231; x_wconf 92' lang='lat' dir='ltr'><strong>infinite</strong></span> <span class='ocrx_word' id='word_1_62' title='bbox 1169 1168 1347 1247; x_wconf 91' lang='lat' dir='ltr'><strong>velit,</strong></span> <span class='ocrx_word' id='word_1_63' title='bbox 1395 1167 1574 1255; x_wconf 90' lang='lat' dir='ltr'><strong>quod</strong></span> 
     </span>
     <span class='ocr_line' id='line_1_11' title="bbox 203 1260 1567 1350; baseline 0 -26"><span class='ocrx_word' id='word_1_64' title='bbox 203 1261 395 1325; x_wconf 90' lang='lat' dir='ltr'><strong>instar</strong></span> <span class='ocrx_word' id='word_1_65' title='bbox 421 1260 516 1325; x_wconf 89' lang='lat' dir='ltr'><strong>sui</strong></span> <span class='ocrx_word' id='word_1_66' title='bbox 545 1262 639 1339; x_wconf 89' lang='lat' dir='ltr'><strong>fit,</strong></span> <span class='ocrx_word' id='word_1_67' title='bbox 662 1265 727 1328; x_wconf 75' lang='grc' dir='ltr'><strong>ὅτ,</strong></span> <span class='ocrx_word' id='word_1_68' title='bbox 753 1262 929 1350; x_wconf 90' lang='lat' dir='ltr'><strong>quod</strong></span> <span class='ocrx_word' id='word_1_69' title='bbox 958 1262 1016 1325; x_wconf 91' lang='lat' dir='ltr'><strong>ei</strong></span> <span class='ocrx_word' id='word_1_70' title='bbox 1050 1261 1330 1326; x_wconf 89' lang='lat' dir='ltr'><strong>tribuere</strong></span> <span class='ocrx_word' id='word_1_71' title='bbox 1365 1263 1428 1326; x_wconf 74' lang='grc' dir='ltr'><strong>δε</strong></span> <span class='ocrx_word' id='word_1_72' title='bbox 1461 1261 1567 1324; x_wconf 93' lang='lat' dir='ltr'><strong>da-</strong></span> 
     </span>
     <span class='ocr_line' id='line_1_12' title="bbox 202 1352 1568 1445; baseline 0.001 -27"><span class='ocrx_word' id='word_1_73' title='bbox 202 1373 268 1418; x_wconf 91' lang='lat' dir='ltr'><strong>re</strong></span> <span class='ocrx_word' id='word_1_74' title='bbox 309 1371 506 1435; x_wconf 91' lang='lat' dir='ltr'><strong>amet,</strong></span> <span class='ocrx_word' id='word_1_75' title='bbox 548 1356 723 1444; x_wconf 93' lang='lat' dir='ltr'><strong>quod</strong></span> <span class='ocrx_word' id='word_1_76' title='bbox 772 1352 901 1445; x_wconf 89' lang='lat' dir='ltr'><strong>ipse</strong></span> <span class='ocrx_word' id='word_1_77' title='bbox 949 1354 1244 1444; x_wconf 86' lang='lat' dir='ltr'><strong>posfidet,</strong></span> <span class='ocrx_word' id='word_1_78' title='bbox 1281 1355 1407 1419; x_wconf 91' lang='lat' dir='ltr'><strong>hoc</strong></span> <span class='ocrx_word' id='word_1_79' title='bbox 1456 1355 1568 1433; x_wconf 87' lang='lat' dir='ltr'><strong>est,</strong></span> 
     </span>
     <span class='ocr_line' id='line_1_13' title="bbox 198 1450 1570 1537; baseline 0.001 -25"><span class='ocrx_word' id='word_1_80' title='bbox 198 1452 694 1537; x_wconf 86' lang='lat' dir='ltr'><strong>perpetuitatem</strong></span> <span class='ocrx_word' id='word_1_81' title='bbox 743 1453 806 1516; x_wconf 66' lang='grc' dir='ltr'><strong>ὃς</strong></span> <span class='ocrx_word' id='word_1_82' title='bbox 852 1450 1449 1515; x_wconf 88' lang='lat' dir='ltr'><strong>immortali-tatem:</strong></span> <span class='ocrx_word' id='word_1_83' title='bbox 1506 1450 1570 1514; x_wconf 88' lang='lat' dir='ltr'><strong>Si</strong></span> 
     </span>
     <span class='ocr_line' id='line_1_14' title="bbox 198 1540 1570 1633; baseline 0.001 -28"><span class='ocrx_word' id='word_1_84' title='bbox 198 1542 546 1608; x_wconf 90' lang='lat' dir='ltr'>Infinitum</span> <span class='ocrx_word' id='word_1_85' title='bbox 595 1567 727 1608; x_wconf 91' lang='lat' dir='ltr'><strong>non</strong></span> <span class='ocrx_word' id='word_1_86' title='bbox 779 1540 1118 1633; x_wconf 88' lang='lat' dir='ltr'><strong>respiceret</strong></span> <span class='ocrx_word' id='word_1_87' title='bbox 1168 1543 1431 1607; x_wconf 91' lang='lat' dir='ltr'><strong>finitum</strong></span> <span class='ocrx_word' id='word_1_88' title='bbox 1479 1541 1570 1607; x_wconf 91' lang='lat' dir='ltr'><strong>se-</strong></span> 
     </span>
     <span class='ocr_line' id='line_1_15' title="bbox 198 1635 1567 1727; baseline 0.003 -29"><span class='ocrx_word' id='word_1_89' title='bbox 198 1658 354 1699; x_wconf 93' lang='lat' dir='ltr'><strong>cum</strong></span> <span class='ocrx_word' id='word_1_90' title='bbox 390 1657 770 1702; x_wconf 85' lang='lat' dir='ltr'><strong>connexum</strong></span> <span class='ocrx_word' id='word_1_91' title='bbox 806 1653 878 1701; x_wconf 93' lang='lat' dir='ltr'><strong>ut</strong></span> <span class='ocrx_word' id='word_1_92' title='bbox 903 1635 1120 1717; x_wconf 87' lang='lat' dir='ltr'><strong>suum,</strong></span> <span class='ocrx_word' id='word_1_93' title='bbox 1149 1639 1465 1727; x_wconf 88' lang='lat' dir='ltr'><strong>praecipue</strong></span> <span class='ocrx_word' id='word_1_94' title='bbox 1500 1638 1567 1702; x_wconf 88' lang='lat' dir='ltr'><strong>in</strong></span> 
     </span>
     <span class='ocr_line' id='line_1_16' title="bbox 198 1729 1570 1818; baseline 0.002 -26"><span class='ocrx_word' id='word_1_95' title='bbox 198 1730 505 1818; x_wconf 88' lang='lat' dir='ltr'><strong>ipfisfimo</strong></span> <span class='ocrx_word' id='word_1_96' title='bbox 554 1733 681 1796; x_wconf 92' lang='lat' dir='ltr'><strong>hoc</strong></span> <span class='ocrx_word' id='word_1_97' title='bbox 730 1731 1055 1811; x_wconf 81' lang='lat' dir='ltr'><strong>essentiali,</strong></span> <span class='ocrx_word' id='word_1_98' title='bbox 1094 1747 1165 1794; x_wconf 93' lang='lat' dir='ltr'><strong>ut</strong></span> <span class='ocrx_word' id='word_1_99' title='bbox 1215 1733 1431 1795; x_wconf 89' lang='lat' dir='ltr'><strong>anima</strong></span> <span class='ocrx_word' id='word_1_100' title='bbox 1471 1729 1570 1795; x_wconf 92' lang='lat' dir='ltr'><strong>sui</strong></span> 
     </span>
     <span class='ocr_line' id='line_1_17' title="bbox 201 1825 1569 1902; baseline 0.002 -14"><span class='ocrx_word' id='word_1_101' title='bbox 201 1825 420 1888; x_wconf 87' lang='lat' dir='ltr'>fimilis</span> <span class='ocrx_word' id='word_1_102' title='bbox 459 1827 525 1889; x_wconf 91' lang='lat' dir='ltr'><strong>in</strong></span> <span class='ocrx_word' id='word_1_103' title='bbox 569 1826 1056 1890; x_wconf 87' lang='lat' dir='ltr'><strong>immortalitate</strong></span> <span class='ocrx_word' id='word_1_104' title='bbox 1102 1826 1196 1902; x_wconf 87' lang='lat' dir='ltr'><strong>fit,</strong></span> <span class='ocrx_word' id='word_1_105' title='bbox 1233 1840 1391 1890; x_wconf 91' lang='lat' dir='ltr'><strong>tunc</strong></span> <span class='ocrx_word' id='word_1_106' title='bbox 1424 1825 1569 1891; x_wconf 87' lang='lat' dir='ltr'>infi-</span> 
     </span>
     <span class='ocr_line' id='line_1_18' title="bbox 199 1918 1567 2009; baseline 0.001 -28"><span class='ocrx_word' id='word_1_107' title='bbox 199 1920 414 1983; x_wconf 92' lang='lat' dir='ltr'><strong>nitum</strong></span> <span class='ocrx_word' id='word_1_108' title='bbox 443 1920 600 2007; x_wconf 89' lang='lat' dir='ltr'><strong>quid</strong></span> <span class='ocrx_word' id='word_1_109' title='bbox 637 1936 747 1984; x_wconf 90' lang='lat' dir='ltr'><strong>aut</strong></span> <span class='ocrx_word' id='word_1_110' title='bbox 780 1920 1195 2009; x_wconf 86' lang='lat' dir='ltr'><strong>purissimum</strong></span> <span class='ocrx_word' id='word_1_111' title='bbox 1230 1942 1364 1984; x_wconf 91' lang='lat' dir='ltr'><strong>non</strong></span> <span class='ocrx_word' id='word_1_112' title='bbox 1399 1918 1567 1984; x_wconf 90' lang='lat' dir='ltr'><strong>foret</strong></span> 
     </span>
     <span class='ocr_line' id='line_1_19' title="bbox 197 2011 1565 2102; baseline 0.001 -26"><span class='ocrx_word' id='word_1_113' title='bbox 197 2014 267 2076; x_wconf 90' lang='lat' dir='ltr'><strong>in</strong></span> <span class='ocrx_word' id='word_1_114' title='bbox 300 2035 520 2078; x_wconf 89' lang='lat' dir='ltr'><strong>amore</strong></span> <span class='ocrx_word' id='word_1_115' title='bbox 553 2015 681 2078; x_wconf 91' lang='lat' dir='ltr'><strong>Dei</strong></span> <span class='ocrx_word' id='word_1_116' title='bbox 717 2037 868 2102; x_wconf 87' lang='lat' dir='ltr'><strong>erga</strong></span> <span class='ocrx_word' id='word_1_117' title='bbox 901 2013 1270 2092; x_wconf 89' lang='lat' dir='ltr'><strong>hominem,</strong></span> <span class='ocrx_word' id='word_1_118' title='bbox 1299 2011 1406 2078; x_wconf 93' lang='lat' dir='ltr'><strong>sed</strong></span> <span class='ocrx_word' id='word_1_119' title='bbox 1440 2014 1565 2078; x_wconf 91' lang='lat' dir='ltr'><strong>tale</strong></span> 
     </span>
     <span class='ocr_line' id='line_1_20' title="bbox 196 2107 1568 2197; baseline 0.001 -27"><span class='ocrx_word' id='word_1_120' title='bbox 196 2107 380 2196; x_wconf 92' lang='lat' dir='ltr'><strong>quid,</strong></span> <span class='ocrx_word' id='word_1_121' title='bbox 417 2107 593 2197; x_wconf 89' lang='lat' dir='ltr'><strong>quod</strong></span> <span class='ocrx_word' id='word_1_122' title='bbox 629 2109 898 2172; x_wconf 89' lang='lat' dir='ltr'>Infinito</span> <span class='ocrx_word' id='word_1_123' title='bbox 931 2123 1358 2197; x_wconf 84' lang='lat' dir='ltr'><strong>repugnaret:</strong></span> <span class='ocrx_word' id='word_1_124' title='bbox 1413 2130 1568 2171; x_wconf 91' lang='lat' dir='ltr'><strong>nam</strong></span> 
     </span>
     <span class='ocr_line' id='line_1_21' title="bbox 199 2199 1566 2266; baseline 0 0"><span class='ocrx_word' id='word_1_125' title='bbox 199 2203 244 2266; x_wconf 91' lang='lat' dir='ltr'>fi</span> <span class='ocrx_word' id='word_1_126' title='bbox 274 2201 453 2266; x_wconf 88' lang='lat' dir='ltr'><strong>Deus</strong></span> <span class='ocrx_word' id='word_1_127' title='bbox 478 2204 546 2266; x_wconf 93' lang='lat' dir='ltr'><strong>in</strong></span> <span class='ocrx_word' id='word_1_128' title='bbox 574 2199 690 2266; x_wconf 90' lang='lat' dir='ltr'><strong>suo</strong></span> <span class='ocrx_word' id='word_1_129' title='bbox 717 2202 909 2266; x_wconf 90' lang='lat' dir='ltr'><strong>fimili</strong></span> <span class='ocrx_word' id='word_1_130' title='bbox 936 2217 1047 2266; x_wconf 91' lang='lat' dir='ltr'><strong>aut</strong></span> <span class='ocrx_word' id='word_1_131' title='bbox 1072 2204 1134 2266; x_wconf 88' lang='lat' dir='ltr'><strong>in</strong></span> <span class='ocrx_word' id='word_1_132' title='bbox 1165 2199 1385 2265; x_wconf 89' lang='lat' dir='ltr'><strong>secum</strong></span> <span class='ocrx_word' id='word_1_133' title='bbox 1412 2224 1566 2266; x_wconf 89' lang='lat' dir='ltr'><strong>con-</strong></span> 
     </span>
     <span class='ocr_line' id='line_1_22' title="bbox 199 2294 1568 2385; baseline 0.001 -26"><span class='ocrx_word' id='word_1_134' title='bbox 199 2318 370 2360; x_wconf 85' lang='lat' dir='ltr'><strong>nexo</strong></span> <span class='ocrx_word' id='word_1_135' title='bbox 404 2296 774 2361; x_wconf 90' lang='lat' dir='ltr'><strong>admitteret</strong></span> <span class='ocrx_word' id='word_1_136' title='bbox 812 2296 1056 2385; x_wconf 90' lang='lat' dir='ltr'><strong>aliquid</strong></span> <span class='ocrx_word' id='word_1_137' title='bbox 1097 2296 1433 2372; x_wconf 88' lang='lat' dir='ltr'><strong>mutabile,</strong></span> <span class='ocrx_word' id='word_1_138' title='bbox 1468 2294 1568 2360; x_wconf 91' lang='lat' dir='ltr'><strong>fo-</strong></span> 
     </span>
     <span class='ocr_line' id='line_1_23' title="bbox 198 2390 1566 2479; baseline 0.001 -27"><span class='ocrx_word' id='word_1_139' title='bbox 198 2404 294 2453; x_wconf 87' lang='lat' dir='ltr'><strong>ret</strong></span> <span class='ocrx_word' id='word_1_140' title='bbox 338 2391 612 2454; x_wconf 90' lang='lat' dir='ltr'><strong>omnino</strong></span> <span class='ocrx_word' id='word_1_141' title='bbox 655 2390 780 2454; x_wconf 88' lang='lat' dir='ltr'><strong>tale</strong></span> <span class='ocrx_word' id='word_1_142' title='bbox 820 2391 886 2454; x_wconf 91' lang='lat' dir='ltr'><strong>in</strong></span> <span class='ocrx_word' id='word_1_143' title='bbox 929 2391 1062 2478; x_wconf 84' lang='lat' dir='ltr'><strong>ejus</strong></span> <span class='ocrx_word' id='word_1_144' title='bbox 1109 2413 1350 2470; x_wconf 80' lang='lat' dir='ltr'><strong>amore,</strong></span> <span class='ocrx_word' id='word_1_145' title='bbox 1386 2390 1566 2479; x_wconf 89' lang='lat' dir='ltr'><strong>quod</strong></span> 
     </span>
     <span class='ocr_line' id='line_1_24' title="bbox 198 2481 1565 2573; baseline 0.001 -26"><span class='ocrx_word' id='word_1_146' title='bbox 198 2483 306 2547; x_wconf 89' lang='lat' dir='ltr'><strong>ille</strong></span> <span class='ocrx_word' id='word_1_147' title='bbox 337 2506 468 2548; x_wconf 90' lang='lat' dir='ltr'><strong>non</strong></span> <span class='ocrx_word' id='word_1_148' title='bbox 509 2484 799 2573; x_wconf 88' lang='lat' dir='ltr'><strong>poffidet,</strong></span> <span class='ocrx_word' id='word_1_149' title='bbox 836 2481 947 2548; x_wconf 88' lang='lat' dir='ltr'><strong>seu</strong></span> <span class='ocrx_word' id='word_1_150' title='bbox 993 2484 1171 2573; x_wconf 91' lang='lat' dir='ltr'><strong>quod</strong></span> <span class='ocrx_word' id='word_1_151' title='bbox 1216 2485 1274 2548; x_wconf 90' lang='lat' dir='ltr'><strong>ei</strong></span> <span class='ocrx_word' id='word_1_152' title='bbox 1315 2498 1565 2548; x_wconf 90' lang='lat' dir='ltr'><strong>contra-</strong></span> 
     </span>
     <span class='ocr_line' id='line_1_25' title="bbox 198 2576 1563 2667; baseline 0 -26"><span class='ocrx_word' id='word_1_153' title='bbox 198 2579 369 2641; x_wconf 92' lang='lat' dir='ltr'><strong>rium</strong></span> <span class='ocrx_word' id='word_1_154' title='bbox 408 2577 518 2652; x_wconf 91' lang='lat' dir='ltr'><strong>est,</strong></span> <span class='ocrx_word' id='word_1_155' title='bbox 555 2577 680 2643; x_wconf 91' lang='lat' dir='ltr'><strong>hoc</strong></span> <span class='ocrx_word' id='word_1_156' title='bbox 714 2577 825 2655; x_wconf 89' lang='lat' dir='ltr'><strong>est,</strong></span> <span class='ocrx_word' id='word_1_157' title='bbox 860 2576 957 2642; x_wconf 88' lang='lat' dir='ltr'><strong>sui</strong></span> <span class='ocrx_word' id='word_1_158' title='bbox 994 2579 1332 2655; x_wconf 82' lang='lat' dir='ltr'><strong>diffimile3</strong></span> <span class='ocrx_word' id='word_1_159' title='bbox 1386 2578 1563 2667; x_wconf 91' lang='lat' dir='ltr'><strong>quod</strong></span> 
     </span>
     <span class='ocr_line' id='line_1_26' title="bbox 198 2671 1565 2761; baseline 0 -27"><span class='ocrx_word' id='word_1_160' title='bbox 198 2672 265 2735; x_wconf 92' lang='lat' dir='ltr'><strong>in</strong></span> <span class='ocrx_word' id='word_1_161' title='bbox 327 2671 722 2735; x_wconf 87' lang='lat' dir='ltr'><strong>naturalibus</strong></span> <span class='ocrx_word' id='word_1_162' title='bbox 780 2671 979 2736; x_wconf 91' lang='lat' dir='ltr'><strong>modo</strong></span> <span class='ocrx_word' id='word_1_163' title='bbox 1038 2696 1187 2761; x_wconf 88' lang='lat' dir='ltr'><strong>erga</strong></span> <span class='ocrx_word' id='word_1_164' title='bbox 1255 2674 1565 2736; x_wconf 91' lang='lat' dir='ltr'><strong>inconne-</strong></span> 
     </span>
     <span class='ocr_line' id='line_1_27' title="bbox 197 2765 1565 2855; baseline 0.001 -28"><span class='ocrx_word' id='word_1_165' title='bbox 197 2787 360 2828; x_wconf 86' lang='lat' dir='ltr'><strong>xum</strong></span> <span class='ocrx_word' id='word_1_166' title='bbox 396 2779 506 2829; x_wconf 91' lang='lat' dir='ltr'><strong>aut</strong></span> <span class='ocrx_word' id='word_1_167' title='bbox 540 2765 885 2830; x_wconf 89' lang='lat' dir='ltr'><strong>inimicum</strong></span> <span class='ocrx_word' id='word_1_168' title='bbox 928 2766 1064 2830; x_wconf 88' lang='lat' dir='ltr'><strong>dari</strong></span> <span class='ocrx_word' id='word_1_169' title='bbox 1108 2765 1333 2855; x_wconf 90' lang='lat' dir='ltr'><strong>potest.</strong></span> <span class='ocrx_word' id='word_1_170' title='bbox 1434 2767 1565 2829; x_wconf 93' lang='lat' dir='ltr'><strong>Ta-</strong></span> 
     </span>
     <span class='ocr_line' id='line_1_28' title="bbox 197 2856 1566 2949; baseline -0.001 -27"><span class='ocrx_word' id='word_1_171' title='bbox 197 2859 272 2923; x_wconf 88' lang='lat' dir='ltr'><strong>lis</strong></span> <span class='ocrx_word' id='word_1_172' title='bbox 306 2881 488 2923; x_wconf 91' lang='lat' dir='ltr'><strong>amor</strong></span> <span class='ocrx_word' id='word_1_173' title='bbox 520 2856 583 2922; x_wconf 89' lang='lat' dir='ltr'><strong>se</strong></span> <span class='ocrx_word' id='word_1_174' title='bbox 626 2873 884 2922; x_wconf 91' lang='lat' dir='ltr'><strong>tantum</strong></span> <span class='ocrx_word' id='word_1_175' title='bbox 932 2860 1008 2924; x_wconf 89' lang='lat' dir='ltr'><strong>ad</strong></span> <span class='ocrx_word' id='word_1_176' title='bbox 1049 2875 1253 2949; x_wconf 87' lang='lat' dir='ltr'><strong>partes</strong></span> <span class='ocrx_word' id='word_1_177' title='bbox 1292 2859 1566 2949; x_wconf 89' lang='lat' dir='ltr'><strong>purioris</strong></span> 
     </span>
     <span class='ocr_line' id='line_1_29' title="bbox 198 2951 1566 3042; baseline -0.001 -25"><span class='ocrx_word' id='word_1_178' title='bbox 198 2953 430 3017; x_wconf 88' lang='lat' dir='ltr'><strong>mundi</strong></span> <span class='ocrx_word' id='word_1_179' title='bbox 483 2951 831 3016; x_wconf 86' lang='lat' dir='ltr'><strong>extendere</strong></span> <span class='ocrx_word' id='word_1_180' title='bbox 886 2953 1111 3042; x_wconf 87' lang='lat' dir='ltr'><strong>potest,</strong></span> <span class='ocrx_word' id='word_1_181' title='bbox 1156 2952 1283 3017; x_wconf 91' lang='lat' dir='ltr'><strong>hoc</strong></span> <span class='ocrx_word' id='word_1_182' title='bbox 1337 2953 1450 3030; x_wconf 92' lang='lat' dir='ltr'><strong>est,</strong></span> <span class='ocrx_word' id='word_1_183' title='bbox 1488 2952 1566 3015; x_wconf 91' lang='lat' dir='ltr'><strong>ad</strong></span> 
     </span>
    </p>

    <p class='ocr_par' dir='ltr' id='par_1_3' title="bbox 1254 3069 1564 3123">
     <span class='ocr_line' id='line_1_30' title="bbox 1254 3069 1564 3123; baseline -0.003 -13"><span class='ocrx_word' id='word_1_184' title='bbox 1254 3069 1564 3123; x_wconf 86' lang='lat' dir='ltr'><strong>ammam,</strong></span> 
     </span>
    </p>
   </div>
  </div>
 </body>
</html>
