2080 3424
426 275 779 368 operationis
810 275 1031 342 animae
1066 277 1136 342 δέ
1169 278 1454 367 corporis.
1500 278 1624 365 167

258 414 443 504 poflit
467 413 587 478 effe
614 413 743 477 fine
770 413 1008 501 regulis
1033 439 1048 490 ;
1100 416 1165 479 ὅτ,
1191 415 1463 502 quidem
1498 414 1629 478 fine

260 508 496 596 regulis
524 507 816 571 fimiliter
838 506 1058 585 finitis,
1085 510 1276 595 quale
1303 505 1628 596 estipsum

259 600 623 689 subjectum
657 601 943 665 finitum.
1029 601 1229 687 Qd
1263 598 1403 665 suas
1438 624 1630 690 regu-

258 695 345 759 las
408 694 664 768 habeat,
715 694 952 758 exinde
1018 696 1215 758 etiam
1273 692 1631 759 elucescere

260 787 484 876 potest,
525 788 703 877 quod
748 788 882 876 ejus
927 790 1326 877 praecipuum
1367 789 1628 873 QALE

260 883 334 946 fit
366 884 432 946 in
479 884 852 971 operatione
885 884 951 946 in
987 905 1214 972 corpus
1249 885 1312 948 ὃς
1346 883 1413 946 in
1449 906 1634 971 orga-

261 999 342 1039 na
367 979 690 1065 corporis;
743 999 907 1041 num
943 977 1016 1040 fit
1052 977 1177 1041 hoc
1213 977 1491 1040 mediate
1527 978 1630 1040 vel

260 1071 657 1148 immediate,
713 1070 1010 1134 nondum
1064 1070 1175 1135 hic
1231 1070 1399 1135 facio
1465 1094 1632 1159 quae-

262 1164 574 1231 stionem:
629 1188 971 1254 quumque
997 1166 1255 1254 alligata
1283 1166 1356 1229 fit
1382 1165 1470 1229 ita
1497 1188 1635 1229 cor-

263 1260 428 1347 pori,
473 1275 546 1323 ut
585 1257 765 1324 suam
808 1258 1247 1324 actualitatem
1288 1283 1444 1323 cum
1486 1282 1633 1323 cor-

262 1376 417 1441 pore
452 1351 590 1431 su0,
627 1376 760 1418 non
800 1376 955 1417 cum
998 1354 1133 1418 aliis
1173 1353 1632 1417 communica—

263 1470 330 1510 re
358 1452 422 1513 δε
449 1447 508 1511 ei
535 1448 909 1536 imprimere
944 1449 1153 1536 poffit,
1182 1464 1354 1511 certe
1388 1447 1633 1511 addicta

263 1541 353 1604 est
381 1542 617 1630 regulae
643 1541 720 1604 ad
746 1543 1099 1605 minimum
1128 1542 1435 1630 generali,
1461 1542 1639 1630 quod

264 1632 506 1699 scilicet
540 1635 719 1713 huic,
750 1658 882 1699 non
919 1635 1029 1699 alii
1061 1636 1314 1725 corpori
1346 1633 1408 1699 se
1443 1638 1504 1700 &
1539 1633 1636 1699 su-

266 1730 1090 1818 umqualecommunicare
1107 1731 1310 1818 poffit.
1365 1731 1636 1817 Qum-

265 1846 391 1910 que
437 1823 688 1887 addicta
735 1825 807 1887 sit
842 1821 957 1886 suo
1004 1825 1280 1913 corpori,
1317 1826 1381 1889 ὅτ,
1426 1847 1638 1912 quum

263 1935 567 2005 operetur
612 1918 679 1980 in
722 1940 975 2006 corpuS,
1001 1918 1145 2005 jam
1186 1919 1252 1981 in
1295 1917 1464 1982 hanc
1504 1918 1638 2005 ejus

263 2027 533 2099 partem,
552 2011 693 2099 jam
721 2012 788 2074 in
818 2013 1035 2091 aliam,
1062 2012 1202 2098 jam
1232 2012 1340 2087 fle,
1367 2034 1499 2075 non
1526 2013 1639 2076 ali-

263 2121 360 2169 ter
408 2103 769 2169 secundum
814 2108 1097 2195 corporis
1153 2103 1262 2170 seu
1308 2106 1442 2193 ejus
1493 2129 1639 2195 par-

265 2200 436 2262 tium
500 2198 987 2278 formationem,
1043 2200 1222 2288 quod
1280 2197 1438 2289 saepe
1505 2223 1638 2264 non

266 2292 450 2381 poffit
483 2290 842 2358 secundum
878 2291 1072 2358 suum
1108 2311 1347 2358 nutum
1383 2297 1446 2359 &
1479 2295 1640 2358 arbi-

267 2387 466 2451 trium
507 2387 842 2477 disponere
882 2411 1081 2452 omne
1126 2411 1354 2477 corpus
1401 2391 1464 2453 &
1508 2389 1641 2474 ejus

271 2498 502 2567 parteS,
548 2479 653 2546 sed
702 2481 881 2571 quod
934 2480 996 2545 se
1047 2482 1366 2571 applicare
1416 2482 1643 2546 debeat

259 2576 333 2638 ·&
377 2574 563 2663 poffit
608 2575 686 2639 ad
730 2576 1013 2664 corporis
1059 2579 1122 2641 &
1170 2577 1306 2664 ejus
1355 2577 1641 2665 partium

273 2668 490 2746 fitum,
543 2667 849 2744 formam,
903 2685 1205 2747 motum3
1259 2670 1415 2734 hinc
1466 2670 1635 2733 vide-

269 2775 395 2837 tur,
424 2761 600 2850 quod
635 2786 767 2827 non
803 2765 1001 2827 modo
1036 2764 1102 2827 in
1139 2762 1200 2828 se
1235 2762 1385 2852 ipsa,
1414 2761 1518 2827 sed
1555 2779 1643 2827 et-

272 2854 405 2918 iam
439 2857 504 2918 in
534 2857 774 2943 regulis
808 2857 963 2942 eju8‚
1000 2857 1236 2945 quibus
1271 2857 1530 2946 gaudet,
1570 2858 1642 2921 s1t

274 2948 421 3021 tale,
459 2964 531 3012 ut
569 2950 759 3038 possit
798 2948 860 3014 se
905 2951 1222 3039 applicare
1268 2951 1346 3014 ad
1390 2973 1641 3038 corpus,

900 3045 955 3107 L
991 3067 1034 3127 4
1423 3044 1646 3132 quale-
