2080 3424
495 252 621 319 170
756 234 910 322 Cap.
949 235 1042 298 II.
1079 234 1183 298 De
1213 232 1596 321 mechang‘fmo

482 368 619 444 tiaS,
679 384 751 434 ut
812 368 1048 458 figuras
1112 371 1419 459 poffimus
1484 367 1854 444 sensualiter

481 484 729 550 capere,
764 465 828 528 ὅτ,
867 464 950 528 fic
992 465 1228 528 metiri.
1330 465 1687 528 Veniamus
1709 464 1851 551 jam

482 557 558 619 ad
607 557 736 634 illa,
782 581 925 645 quae
976 557 1137 622 infra
1192 556 1496 623 sensuum
1540 557 1852 648 sphaeram

481 646 655 729 sunt,
681 650 758 714 ad
785 650 1115 716 subtiliora
1139 681 1154 729 ;
1208 652 1378 728 dico,
1407 652 1572 717 nihil
1599 654 1666 717 in
1694 674 1854 716 cras-

482 743 646 822 fiori,
684 745 912 832 majori
948 763 1058 810 aut
1102 744 1378 810 senfibili
1418 747 1670 811 mundo
1704 745 1850 823 effe,

481 838 659 923 quod
693 862 826 902 non
861 837 1201 903 succeffive
1246 840 1454 904 trahat
1487 838 1666 904 suam
1701 863 1853 904 cau-

479 929 614 994 sam
663 956 697 996 a
741 930 1081 1010 subtiliori,
1129 935 1277 1023 quia
1325 936 1539 998 omnis
1589 933 1853 998 effectus

478 1025 693 1112 prodit
743 1025 946 1099 asnis
992 1029 1227 1093 caufis:
1281 1026 1411 1117 ipse
1461 1026 1721 1092 effectus
1771 1050 1852 1090 ex

479 1116 604 1183 suis
668 1122 866 1186 caufis
916 1122 1214 1210 prodiens
1270 1145 1403 1186 non
1464 1122 1669 1211 potest
1733 1121 1854 1184 effe

479 1213 794 1279 diffimilis
827 1213 952 1279 suae
996 1213 1220 1292 causae,
1259 1238 1413 1280 nam
1453 1216 1849 1305 principium

478 1304 575 1370 sui
610 1308 806 1372 trahit
841 1333 879 1372 a.
908 1310 1143 1386 caufis3
1197 1310 1355 1374 adeo
1401 1327 1473 1374 ut
1520 1308 1648 1399 ipsa
1680 1310 1854 1399 prin-

478 1401 645 1489 cipia
681 1426 714 1465 a
745 1403 940 1467 caufis
969 1405 1089 1468 fint
1123 1403 1406 1468 derivata
1441 1405 1507 1468 in
1545 1403 1848 1480 effectum

477 1497 542 1560 Sc
578 1497 730 1584 quia
751 1497 894 1584 jam
923 1497 1186 1562 effectus
1220 1521 1447 1562 omnes
1480 1497 1854 1563 sensualiter

477 1591 923 1679 perceptibiles
957 1589 1106 1657 sunt
1143 1592 1529 1669 mechanici,
1563 1615 1643 1656 an
1678 1590 1854 1657 aliud

478 1683 627 1747 inde
672 1685 976 1748 concludi
1021 1686 1247 1775 potest,
1287 1709 1486 1775 quam
1534 1686 1713 1774 quod
1755 1700 1854 1749 et-

478 1777 607 1840 iam
633 1778 699 1841 in
724 1780 864 1868 ipfis
887 1782 1084 1844 caufis
1107 1781 1180 1844 fit
1204 1782 1409 1844 fimile
1430 1781 1851 1869 principium,

478 1874 543 1936 &
579 1872 662 1936 fic
696 1875 891 1937 etiam
936 1874 1002 1937 in
1047 1875 1244 1938 caufis
1287 1875 1361 1939 fit
1392 1873 1853 1938 mechanicum

476 1968 541 2029 δε
575 1968 1099 2054 geometricum?
1148 1969 1191 2031 fi
1228 1969 1292 2031 in
1329 1969 1526 2032 caufis
1561 1982 1671 2031 aut
1705 1965 1854 2031 sub-

392 2110 393 2114 ,
477 2059 678 2123 tiliori
723 2061 974 2125 mundo
1026 2084 1158 2126 non
1206 2060 1352 2125 esset
1398 2062 1572 2124 idem
1617 2060 1854 2149 princi-

477 2153 684 2240 pium,
723 2153 987 2219 effectus
1038 2155 1220 2218 fieret
1265 2157 1540 2219 omnino
1588 2155 1854 2218 diffimi-

475 2247 550 2310 lis
585 2245 709 2310 suae
745 2247 964 2325 causae,
988 2249 1090 2312 vel
1124 2247 1520 2337 sequeretur,
1554 2248 1732 2338 quod
1766 2271 1855 2313 es-

475 2338 568 2404 set
618 2341 860 2430 aliquid
914 2343 1056 2430 plus
1103 2344 1170 2406 in
1220 2344 1438 2419 caufiS‚
1491 2343 1670 2432 quod
1723 2365 1854 2406 non

475 2431 726 2498 factum
760 2436 834 2499 fit
871 2433 1323 2524 conspicuum,
1359 2438 1456 2500 vel
1508 2436 1686 2526 quod
1722 2459 1855 2500 non

479 2529 726 2592 venerit
760 2530 827 2592 in
877 2528 1162 2607 effectus,
1201 2529 1327 2594 hoc
1362 2532 1561 2595 etiam
1598 2553 1730 2594 non
1765 2530 1856 2594 est

477 2617 840 2685 secundum
866 2624 1207 2700 rationem,
1232 2625 1332 2688 vel
1359 2623 1719 2688 secundum
1747 2647 1856 2687 ex-

473 2717 882 2804 perientiam,
914 2719 1076 2804 quin
1112 2733 1331 2782 tamen
1367 2718 1616 2808 aliquid
1651 2719 1856 2782 fimile

476 2807 647 2886 effet,
684 2810 784 2873 vel
831 2811 1077 2899 aliquid
1124 2813 1273 2890 tale,
1311 2815 1487 2901 quod
1524 2811 1855 2876 nihilomi-

477 2926 596 2967 nus
633 2903 711 2968 ab
747 2903 982 2969 effectu
1020 2904 1304 2994 judicari
1353 2906 1578 2996 poffet,
1615 2905 1741 2971 tale
1787 2907 1855 2971 in

1655 3000 1855 3064 caufis
