2080 3424
412 301 766 392 operationis
796 301 1018 368 animae
1051 301 1122 367 ἔθ’
1153 303 1435 392 corporis.
1508 325 1640 393 247

270 439 673 504 elementum
722 439 813 503 est
862 440 1159 516 unicum,
1197 440 1374 528 quod
1423 456 1640 506 motus

269 531 608 599 transferre
642 532 869 622 potest,
906 530 1050 621 ipsae
1084 536 1480 598 membranae
1527 559 1642 624 per

268 625 332 690 se
374 650 505 692 non
538 626 796 716 possunt
838 627 958 690 effe
995 627 1112 690 nifi
1157 650 1334 691 mere
1368 630 1638 716 pasfivae‚

268 718 475 785 sedita
498 720 809 797 formatae,
833 735 907 785 ut
927 735 1187 785 motum
1205 722 1488 810 partium
1507 723 1639 787 ele-

267 816 666 879 mentarium
700 816 766 879 in
802 813 866 879 se
898 815 1181 903 recipere
1215 832 1477 903 queant,
1506 819 1571 882 &
1607 841 1640 881 a

266 932 660 998 quacunque
685 907 870 974 causa
891 925 1083 973 motae
1108 910 1176 973 in
1203 910 1641 975 imitationem

268 1004 395 1091 agi,
424 1005 489 1068 ὅτ,
508 1005 744 1092 pariter
769 1005 835 1068 in
858 1004 1174 1068 volumen
1210 1003 1522 1068 elementi
1543 1006 1640 1068 in-

265 1097 421 1161 clufi
456 1099 780 1186 reciproce
814 1121 1003 1186 agere
1031 1124 1048 1175 ;
1124 1097 1298 1161 unde
1332 1097 1641 1163 elementi

265 1213 386 1279 ope
437 1215 552 1280 per
602 1207 818 1256 totum
862 1214 1093 1281 corpus
1141 1191 1359 1255 fimilis
1404 1192 1640 1257 modu-

264 1284 418 1349 latio
455 1302 795 1351 momento
829 1285 1164 1375 disfipatur
1193 1313 1208 1363 ;
1262 1286 1420 1350 adeo
1451 1302 1521 1350 ut
1556 1287 1640 1351 fic

264 1395 480 1444 motus
514 1381 775 1445 tremuli
810 1380 911 1444 vel
963 1379 1362 1445 undulatorii
1412 1382 1479 1444 in
1517 1381 1640 1444 ele-

265 1474 501 1537 mentis
553 1474 809 1539 inclusis
863 1475 985 1538 fint
1036 1474 1326 1563 ipfisfimi
1384 1472 1638 1563 spiritus

265 1567 591 1645 animaleS,
627 1570 744 1657 qui
778 1568 1087 1632 dicuntur
1131 1569 1362 1632 animae
1394 1569 1640 1633 volenti

262 1659 650 1751 obsequium
691 1661 999 1751 praestare,
1041 1664 1105 1727 ὅτ,
1144 1662 1259 1751 qui
1303 1663 1372 1726 in
1416 1666 1637 1727 aetum

258 1756 621 1843 producant
671 1779 869 1820 omne
918 1756 1005 1835 id,
1057 1755 1236 1845 quod
1286 1780 1320 1821 a
1369 1779 1638 1846 corpore

259 1850 324 1914 δε
357 1850 573 1914 anima
607 1851 799 1915 fimul
833 1848 1349 1939 concupiscitur3
1419 1849 1526 1915 sed
1560 1851 1638 1915 de

262 1943 358 2008 his
394 1946 624 2009 melius
658 1946 724 2009 in
760 1944 1009 2009 theoria
1043 1942 1322 2033 speciali,
1359 1943 1468 2009 hic
1502 1960 1638 2009 tan-

262 2039 610 2103 tummodo
645 2036 911 2103 confuse
935 2042 999 2105 &
1021 2039 1403 2127 generaliter
1423 2037 1637 2104 ideam

262 2134 650 2222 operationis
687 2132 892 2198 fistere
926 2133 1201 2222 poffum.

356 2323 858 2400 UNDECIMo,
910 2344 1124 2410 quum
1178 2320 1255 2385 ab
1299 2321 1638 2411 experien-

265 2414 351 2479 tia
384 2415 593 2480 edocti
628 2417 841 2493 fimus,
878 2413 1093 2504 ipsum
1128 2430 1482 2480 tremorem
1527 2431 1639 2479 aut

264 2524 524 2573 motum
567 2510 1060 2575 undulatorium
1109 2511 1177 2573 in
1228 2510 1439 2573 fluidis
1497 2506 1638 2573 suas

264 2604 515 2692 regulas
569 2619 784 2668 motus
834 2605 1232 2668 exaefisfime
1280 2602 1635 2678 observare,

267 2697 427 2762 adeo
486 2712 558 2761 ut
600 2698 1002 2762 elementum
1062 2699 1145 2762 fic
1201 2716 1460 2761 motum
1502 2719 1635 2760 non

264 2792 450 2856 aliter
476 2806 694 2879 queat,
732 2815 934 2881 quam
983 2789 1345 2856 secundum
1398 2789 1637 2879 princi-

263 2886 367 2975 pia
402 2883 512 2949 sua
549 2886 818 2962 moveri,
852 2887 916 2951 δε
957 2886 1227 2973 quidem
1273 2882 1636 2949 secundum

264 2979 545 3069 figuram
603 2982 665 3044 δε
723 2976 1247 3044 mechanismum
1307 2979 1633 3067 partium;

891 3072 1058 3159 Q4
1481 3070 1637 3135 hinc
