<?xml version="1.0" encoding="UTF-8"?>
<!DOCTYPE html PUBLIC "-//W3C//DTD XHTML 1.0 Transitional//EN"
    "http://www.w3.org/TR/xhtml1/DTD/xhtml1-transitional.dtd">
<html xmlns="http://www.w3.org/1999/xhtml" xml:lang="en" lang="en">
 <head>
  <title>
</title>
<meta http-equiv="Content-Type" content="text/html;charset=utf-8" />
  <meta name='ocr-system' content='tesseract 3.04.00' />
  <meta name='ocr-capabilities' content='ocr_page ocr_carea ocr_par ocr_line ocrx_word'/>
</head>
<body>
  <div class='ocr_page' id='page_1' title='image "./prodromusphiloso00sweduoft/prodromusphiloso00sweduoft_0108.png"; bbox 0 0 2080 3424; ppageno 0'>
   <div class='ocr_carea' id='block_1_1' title="bbox 495 225 1493 316">
    <p class='ocr_par' dir='ltr' id='par_1_1' title="bbox 495 225 1493 316">
     <span class='ocr_line' id='line_1_1' title="bbox 495 225 1493 316; baseline 0 -25"><span class='ocrx_word' id='word_1_1' title='bbox 495 246 581 311; x_wconf 87' lang='lat'><strong>92</strong></span> <span class='ocrx_word' id='word_1_2' title='bbox 824 226 978 315; x_wconf 80' lang='lat' dir='ltr'><strong>Cap.</strong></span> <span class='ocrx_word' id='word_1_3' title='bbox 1017 228 1072 291; x_wconf 92' lang='lat' dir='ltr'><strong>I.</strong></span> <span class='ocrx_word' id='word_1_4' title='bbox 1109 227 1212 291; x_wconf 89' lang='lat' dir='ltr'><strong>De</strong></span> <span class='ocrx_word' id='word_1_5' title='bbox 1244 225 1493 316; x_wconf 75' lang='lat' dir='ltr'><strong>Itfinz&#39;to</strong></span> 
     </span>
    </p>
   </div>
   <div class='ocr_carea' id='block_1_2' title="bbox 488 361 1862 3053">
    <p class='ocr_par' dir='ltr' id='par_1_2' title="bbox 488 361 1862 2981">
     <span class='ocr_line' id='line_1_2' title="bbox 495 361 1862 450; baseline 0.004 -27"><span class='ocrx_word' id='word_1_6' title='bbox 495 361 860 450; x_wconf 87' lang='lat' dir='ltr'><strong>imaginari,</strong></span> <span class='ocrx_word' id='word_1_7' title='bbox 897 362 1101 450; x_wconf 86' lang='lat' dir='ltr'><strong>qualis</strong></span> <span class='ocrx_word' id='word_1_8' title='bbox 1136 363 1210 427; x_wconf 84' lang='lat' dir='ltr'><strong>fit</strong></span> <span class='ocrx_word' id='word_1_9' title='bbox 1251 365 1454 437; x_wconf 77' lang='lat' dir='ltr'><strong>DeUS,</strong></span> <span class='ocrx_word' id='word_1_10' title='bbox 1491 363 1630 428; x_wconf 89' lang='lat' dir='ltr'><strong>vult</strong></span> <span class='ocrx_word' id='word_1_11' title='bbox 1670 362 1862 428; x_wconf 88' lang='lat' dir='ltr'><strong>illum</strong></span> 
     </span>
     <span class='ocr_line' id='line_1_3' title="bbox 493 455 1860 534; baseline 0.002 -16"><span class='ocrx_word' id='word_1_12' title='bbox 493 455 661 518; x_wconf 90' lang='lat' dir='ltr'><strong>intra</strong></span> <span class='ocrx_word' id='word_1_13' title='bbox 694 455 1014 519; x_wconf 91' lang='lat' dir='ltr'><strong>rationem</strong></span> <span class='ocrx_word' id='word_1_14' title='bbox 1041 460 1104 522; x_wconf 83' lang='lat'>&amp;</span> <span class='ocrx_word' id='word_1_15' title='bbox 1128 457 1294 521; x_wconf 86' lang='lat' dir='ltr'>ideas</span> <span class='ocrx_word' id='word_1_16' title='bbox 1330 455 1468 520; x_wconf 88' lang='lat' dir='ltr'><strong>suas</strong></span> <span class='ocrx_word' id='word_1_17' title='bbox 1491 459 1860 534; x_wconf 90' lang='lat' dir='ltr'><strong>terminare,</strong></span> 
     </span>
     <span class='ocr_line' id='line_1_4' title="bbox 494 549 1857 640; baseline 0.001 -28"><span class='ocrx_word' id='word_1_18' title='bbox 494 550 559 612; x_wconf 83' lang='lat'>&amp;</span> <span class='ocrx_word' id='word_1_19' title='bbox 586 549 668 612; x_wconf 90' lang='lat' dir='ltr'><strong>fic</strong></span> <span class='ocrx_word' id='word_1_20' title='bbox 694 549 885 614; x_wconf 88' lang='lat' dir='ltr'><strong>illum</strong></span> <span class='ocrx_word' id='word_1_21' title='bbox 909 551 1092 615; x_wconf 90' lang='lat' dir='ltr'><strong>finire</strong></span> <span class='ocrx_word' id='word_1_22' title='bbox 1114 553 1178 616; x_wconf 73' lang='grc' dir='ltr'><strong>ὅε</strong></span> <span class='ocrx_word' id='word_1_23' title='bbox 1205 551 1403 639; x_wconf 88' lang='lat' dir='ltr'>figere</span> <span class='ocrx_word' id='word_1_24' title='bbox 1429 553 1496 614; x_wconf 91' lang='lat' dir='ltr'><strong>in</strong></span> <span class='ocrx_word' id='word_1_25' title='bbox 1524 552 1740 640; x_wconf 84' lang='lat' dir='ltr'><strong>aliqua</strong></span> <span class='ocrx_word' id='word_1_26' title='bbox 1766 575 1857 630; x_wconf 93' lang='lat' dir='ltr'><strong>re,</strong></span> 
     </span>
     <span class='ocr_line' id='line_1_5' title="bbox 492 643 1860 733; baseline 0.003 -28"><span class='ocrx_word' id='word_1_27' title='bbox 492 665 604 731; x_wconf 89' lang='lat' dir='ltr'><strong>per</strong></span> <span class='ocrx_word' id='word_1_28' title='bbox 639 643 925 731; x_wconf 86' lang='lat' dir='ltr'>aliquam</span> <span class='ocrx_word' id='word_1_29' title='bbox 961 667 1121 720; x_wconf 92' lang='lat' dir='ltr'><strong>rem,</strong></span> <span class='ocrx_word' id='word_1_30' title='bbox 1150 659 1260 708; x_wconf 90' lang='lat' dir='ltr'><strong>aut</strong></span> <span class='ocrx_word' id='word_1_31' title='bbox 1294 645 1370 707; x_wconf 92' lang='lat' dir='ltr'><strong>ad</strong></span> <span class='ocrx_word' id='word_1_32' title='bbox 1407 644 1676 733; x_wconf 91' lang='lat' dir='ltr'><strong>aliquid,</strong></span> <span class='ocrx_word' id='word_1_33' title='bbox 1701 644 1860 709; x_wconf 91' lang='lat' dir='ltr'><strong>adeo</strong></span> 
     </span>
     <span class='ocr_line' id='line_1_6' title="bbox 494 735 1862 827; baseline 0.002 -28"><span class='ocrx_word' id='word_1_34' title='bbox 494 750 566 799; x_wconf 92' lang='lat' dir='ltr'><strong>ut</strong></span> <span class='ocrx_word' id='word_1_35' title='bbox 600 737 806 825; x_wconf 86' lang='lat' dir='ltr'><strong>proles</strong></span> <span class='ocrx_word' id='word_1_36' title='bbox 840 737 1101 801; x_wconf 89' lang='lat' dir='ltr'><strong>rationis</strong></span> <span class='ocrx_word' id='word_1_37' title='bbox 1136 741 1200 803; x_wconf 71' lang='grc' dir='ltr'><strong>ὅτ,</strong></span> <span class='ocrx_word' id='word_1_38' title='bbox 1233 736 1652 827; x_wconf 77' lang='lat' dir='ltr'><strong>philosophiae</strong></span> <span class='ocrx_word' id='word_1_39' title='bbox 1692 735 1862 802; x_wconf 90' lang='lat' dir='ltr'><strong>sem-</strong></span> 
     </span>
     <span class='ocr_line' id='line_1_7' title="bbox 492 828 1861 920; baseline 0.002 -27"><span class='ocrx_word' id='word_1_40' title='bbox 492 852 605 918; x_wconf 92' lang='lat' dir='ltr'><strong>per</strong></span> <span class='ocrx_word' id='word_1_41' title='bbox 636 828 853 906; x_wconf 89' lang='lat' dir='ltr'><strong>fuerit,</strong></span> <span class='ocrx_word' id='word_1_42' title='bbox 891 831 1094 920; x_wconf 89' lang='lat' dir='ltr'><strong>qualis</strong></span> <span class='ocrx_word' id='word_1_43' title='bbox 1130 831 1231 908; x_wconf 91' lang='lat' dir='ltr'><strong>fit;</strong></span> <span class='ocrx_word' id='word_1_44' title='bbox 1283 834 1347 896; x_wconf 84' lang='lat'>&amp;</span> <span class='ocrx_word' id='word_1_45' title='bbox 1368 834 1664 920; x_wconf 86' lang='lat' dir='ltr'><strong>quamvis</strong></span> <span class='ocrx_word' id='word_1_46' title='bbox 1686 833 1861 896; x_wconf 92' lang='lat' dir='ltr'><strong>audi-</strong></span> 
     </span>
     <span class='ocr_line' id='line_1_8' title="bbox 491 923 1861 1015; baseline 0.004 -30"><span class='ocrx_word' id='word_1_47' title='bbox 491 924 701 987; x_wconf 86' lang='lat' dir='ltr'><strong>verint</strong></span> <span class='ocrx_word' id='word_1_48' title='bbox 734 925 926 989; x_wconf 91' lang='lat' dir='ltr'><strong>illum</strong></span> <span class='ocrx_word' id='word_1_49' title='bbox 947 923 1065 988; x_wconf 84' lang='lat' dir='ltr'><strong>effe</strong></span> <span class='ocrx_word' id='word_1_50' title='bbox 1087 924 1446 999; x_wconf 90' lang='lat' dir='ltr'><strong>infinitum,</strong></span> <span class='ocrx_word' id='word_1_51' title='bbox 1476 940 1693 990; x_wconf 89' lang='lat' dir='ltr'><strong>tamen</strong></span> <span class='ocrx_word' id='word_1_52' title='bbox 1715 949 1861 1015; x_wconf 91' lang='lat' dir='ltr'><strong>pro-</strong></span> 
     </span>
     <span class='ocr_line' id='line_1_9' title="bbox 490 1016 1861 1107; baseline 0.004 -28"><span class='ocrx_word' id='word_1_53' title='bbox 490 1031 633 1104; x_wconf 91' lang='lat' dir='ltr'><strong>pter</strong></span> <span class='ocrx_word' id='word_1_54' title='bbox 665 1019 1006 1094; x_wconf 88' lang='lat' dir='ltr'><strong>rationem,</strong></span> <span class='ocrx_word' id='word_1_55' title='bbox 1030 1041 1171 1107; x_wconf 88' lang='lat' dir='ltr'><strong>quae</strong></span> <span class='ocrx_word' id='word_1_56' title='bbox 1192 1017 1254 1083; x_wconf 91' lang='lat' dir='ltr'><strong>se</strong></span> <span class='ocrx_word' id='word_1_57' title='bbox 1281 1016 1532 1107; x_wconf 87' lang='lat' dir='ltr'><strong>semper</strong></span> <span class='ocrx_word' id='word_1_58' title='bbox 1554 1021 1861 1084; x_wconf 89' lang='lat' dir='ltr'><strong>terminat</strong></span> 
     </span>
     <span class='ocr_line' id='line_1_10' title="bbox 492 1110 1859 1201; baseline 0.003 -28"><span class='ocrx_word' id='word_1_59' title='bbox 492 1110 658 1174; x_wconf 90' lang='lat' dir='ltr'><strong>intra</strong></span> <span class='ocrx_word' id='word_1_60' title='bbox 679 1111 914 1176; x_wconf 90' lang='lat' dir='ltr'><strong>limites</strong></span> <span class='ocrx_word' id='word_1_61' title='bbox 942 1112 1176 1190; x_wconf 84' lang='lat' dir='ltr'><strong>finitos,</strong></span> <span class='ocrx_word' id='word_1_62' title='bbox 1207 1113 1543 1201; x_wconf 87' lang='lat' dir='ltr'><strong>imaginati</strong></span> <span class='ocrx_word' id='word_1_63' title='bbox 1572 1113 1687 1177; x_wconf 88' lang='lat' dir='ltr'><strong>fibi</strong></span> <span class='ocrx_word' id='word_1_64' title='bbox 1710 1111 1859 1178; x_wconf 91' lang='lat' dir='ltr'><strong>sunt</strong></span> 
     </span>
     <span class='ocr_line' id='line_1_11' title="bbox 491 1205 1861 1295; baseline 0.002 -27"><span class='ocrx_word' id='word_1_65' title='bbox 491 1205 841 1270; x_wconf 88' lang='lat' dir='ltr'><strong>Infinitum</strong></span> <span class='ocrx_word' id='word_1_66' title='bbox 863 1221 935 1270; x_wconf 90' lang='lat' dir='ltr'><strong>ut</strong></span> <span class='ocrx_word' id='word_1_67' title='bbox 962 1206 1246 1283; x_wconf 90' lang='lat' dir='ltr'><strong>finitum,</strong></span> <span class='ocrx_word' id='word_1_68' title='bbox 1272 1207 1424 1295; x_wconf 91' lang='lat' dir='ltr'><strong>quia</strong></span> <span class='ocrx_word' id='word_1_69' title='bbox 1447 1207 1609 1270; x_wconf 94' lang='lat' dir='ltr'><strong>nihil</strong></span> <span class='ocrx_word' id='word_1_70' title='bbox 1629 1206 1861 1272; x_wconf 90' lang='lat' dir='ltr'><strong>abstra-</strong></span> 
     </span>
     <span class='ocr_line' id='line_1_12' title="bbox 492 1298 1860 1389; baseline 0.002 -28"><span class='ocrx_word' id='word_1_71' title='bbox 492 1300 592 1361; x_wconf 68' lang='lat' dir='ltr'><strong>&amp;te</strong></span> <span class='ocrx_word' id='word_1_72' title='bbox 618 1321 652 1362; x_wconf 90' lang='lat' dir='ltr'><strong>a</strong></span> <span class='ocrx_word' id='word_1_73' title='bbox 677 1298 864 1363; x_wconf 91' lang='lat' dir='ltr'><strong>finito</strong></span> <span class='ocrx_word' id='word_1_74' title='bbox 885 1315 1229 1389; x_wconf 90' lang='lat' dir='ltr'><strong>potuerant</strong></span> <span class='ocrx_word' id='word_1_75' title='bbox 1255 1300 1602 1389; x_wconf 91' lang='lat' dir='ltr'><strong>percipere.</strong></span> <span class='ocrx_word' id='word_1_76' title='bbox 1682 1302 1860 1389; x_wconf 86' lang='lat' dir='ltr'><strong>Ergo</strong></span> 
     </span>
     <span class='ocr_line' id='line_1_13' title="bbox 494 1391 1859 1481; baseline 0.003 -27"><span class='ocrx_word' id='word_1_77' title='bbox 494 1391 784 1457; x_wconf 89' lang='lat' dir='ltr'><strong>videmus</strong></span> <span class='ocrx_word' id='word_1_78' title='bbox 808 1394 948 1481; x_wconf 91' lang='lat' dir='ltr'><strong>jam</strong></span> <span class='ocrx_word' id='word_1_79' title='bbox 984 1392 1266 1471; x_wconf 91' lang='lat' dir='ltr'><strong>causam,</strong></span> <span class='ocrx_word' id='word_1_80' title='bbox 1294 1394 1464 1458; x_wconf 92' lang='lat' dir='ltr'><strong>unde</strong></span> <span class='ocrx_word' id='word_1_81' title='bbox 1498 1396 1746 1459; x_wconf 89' lang='lat' dir='ltr'><strong>venerit</strong></span> <span class='ocrx_word' id='word_1_82' title='bbox 1771 1395 1859 1458; x_wconf 90' lang='lat' dir='ltr'><strong>la-</strong></span> 
     </span>
     <span class='ocr_line' id='line_1_14' title="bbox 491 1482 1860 1577; baseline 0.003 -28"><span class='ocrx_word' id='word_1_83' title='bbox 491 1482 637 1574; x_wconf 89' lang='lat' dir='ltr'><strong>psus</strong></span> <span class='ocrx_word' id='word_1_84' title='bbox 683 1489 967 1565; x_wconf 80' lang='lat' dir='ltr'><strong>rationiS,</strong></span> <span class='ocrx_word' id='word_1_85' title='bbox 1006 1491 1070 1553; x_wconf 61' lang='grc' dir='ltr'><strong>ὃς</strong></span> <span class='ocrx_word' id='word_1_86' title='bbox 1121 1512 1262 1576; x_wconf 87' lang='lat' dir='ltr'><strong>quae</strong></span> <span class='ocrx_word' id='word_1_87' title='bbox 1303 1488 1377 1552; x_wconf 89' lang='lat' dir='ltr'><strong>fit</strong></span> <span class='ocrx_word' id='word_1_88' title='bbox 1422 1486 1610 1552; x_wconf 91' lang='lat' dir='ltr'><strong>causa</strong></span> <span class='ocrx_word' id='word_1_89' title='bbox 1654 1486 1860 1577; x_wconf 85' lang='lat' dir='ltr'><strong>lapsus</strong></span> 
     </span>
     <span class='ocr_line' id='line_1_15' title="bbox 494 1581 1860 1671; baseline 0.002 -28"><span class='ocrx_word' id='word_1_90' title='bbox 494 1593 628 1643; x_wconf 91' lang='lat' dir='ltr'><strong>tam</strong></span> <span class='ocrx_word' id='word_1_91' title='bbox 676 1604 870 1670; x_wconf 88' lang='lat' dir='ltr'><strong>penes</strong></span> <span class='ocrx_word' id='word_1_92' title='bbox 904 1581 1137 1670; x_wconf 87' lang='lat' dir='ltr'><strong>vulgus</strong></span> <span class='ocrx_word' id='word_1_93' title='bbox 1177 1605 1377 1671; x_wconf 92' lang='lat' dir='ltr'><strong>quam</strong></span> <span class='ocrx_word' id='word_1_94' title='bbox 1427 1605 1620 1671; x_wconf 90' lang='lat' dir='ltr'><strong>penes</strong></span> <span class='ocrx_word' id='word_1_95' title='bbox 1652 1583 1860 1646; x_wconf 89' lang='lat' dir='ltr'><strong>erudi-</strong></span> 
     </span>
     <span class='ocr_line' id='line_1_16' title="bbox 493 1674 1859 1764; baseline 0.003 -28"><span class='ocrx_word' id='word_1_96' title='bbox 493 1674 781 1741; x_wconf 86' lang='lat' dir='ltr'><strong>tiffimos.</strong></span> <span class='ocrx_word' id='word_1_97' title='bbox 850 1676 1031 1740; x_wconf 88' lang='lat' dir='ltr'><strong>Nam</strong></span> <span class='ocrx_word' id='word_1_98' title='bbox 1060 1699 1192 1739; x_wconf 91' lang='lat' dir='ltr'><strong>non</strong></span> <span class='ocrx_word' id='word_1_99' title='bbox 1222 1676 1453 1740; x_wconf 89' lang='lat' dir='ltr'><strong>melius</strong></span> <span class='ocrx_word' id='word_1_100' title='bbox 1485 1676 1691 1764; x_wconf 91' lang='lat' dir='ltr'><strong>potest</strong></span> <span class='ocrx_word' id='word_1_101' title='bbox 1717 1699 1859 1740; x_wconf 93' lang='lat' dir='ltr'><strong>eru-</strong></span> 
     </span>
     <span class='ocr_line' id='line_1_17' title="bbox 491 1766 1856 1858; baseline 0.003 -28"><span class='ocrx_word' id='word_1_102' title='bbox 491 1766 833 1833; x_wconf 87' lang='lat' dir='ltr'><strong>ditiffimus</strong></span> <span class='ocrx_word' id='word_1_103' title='bbox 871 1769 983 1833; x_wconf 85' lang='lat' dir='ltr'><strong>fibi</strong></span> <span class='ocrx_word' id='word_1_104' title='bbox 1017 1769 1381 1857; x_wconf 82' lang='lat' dir='ltr'><strong>imaginari,</strong></span> <span class='ocrx_word' id='word_1_105' title='bbox 1419 1769 1574 1858; x_wconf 90' lang='lat' dir='ltr'><strong>quid</strong></span> <span class='ocrx_word' id='word_1_106' title='bbox 1621 1769 1856 1834; x_wconf 90' lang='lat' dir='ltr'><strong>Infini-</strong></span> 
     </span>
     <span class='ocr_line' id='line_1_18' title="bbox 490 1863 1854 1952; baseline 0.004 -28"><span class='ocrx_word' id='word_1_107' title='bbox 490 1875 635 1925; x_wconf 93' lang='lat' dir='ltr'><strong>tum</strong></span> <span class='ocrx_word' id='word_1_108' title='bbox 664 1863 760 1941; x_wconf 89' lang='lat' dir='ltr'><strong>fit,</strong></span> <span class='ocrx_word' id='word_1_109' title='bbox 784 1886 984 1951; x_wconf 91' lang='lat' dir='ltr'><strong>quam</strong></span> <span class='ocrx_word' id='word_1_110' title='bbox 1009 1864 1242 1952; x_wconf 85' lang='lat' dir='ltr'><strong>vulgus</strong></span> <span class='ocrx_word' id='word_1_111' title='bbox 1263 1865 1327 1928; x_wconf 84' lang='lat'>&amp;</span> <span class='ocrx_word' id='word_1_112' title='bbox 1354 1863 1854 1929; x_wconf 86' lang='lat' dir='ltr'><strong>ineruditiffimi:</strong></span> 
     </span>
     <span class='ocr_line' id='line_1_19' title="bbox 491 1955 1859 2034; baseline 0.001 -15"><span class='ocrx_word' id='word_1_113' title='bbox 491 1955 535 2018; x_wconf 91' lang='lat' dir='ltr'><strong>fi</strong></span> <span class='ocrx_word' id='word_1_114' title='bbox 571 1957 749 2020; x_wconf 90' lang='lat' dir='ltr'><strong>enim</strong></span> <span class='ocrx_word' id='word_1_115' title='bbox 783 1957 1022 2034; x_wconf 91' lang='lat' dir='ltr'><strong>dicam,</strong></span> <span class='ocrx_word' id='word_1_116' title='bbox 1059 1957 1248 2021; x_wconf 93' lang='lat' dir='ltr'><strong>illum</strong></span> <span class='ocrx_word' id='word_1_117' title='bbox 1273 1957 1392 2020; x_wconf 85' lang='lat' dir='ltr'><strong>effe</strong></span> <span class='ocrx_word' id='word_1_118' title='bbox 1416 1956 1690 2021; x_wconf 91' lang='lat' dir='ltr'><strong>fimilem</strong></span> <span class='ocrx_word' id='word_1_119' title='bbox 1724 1956 1859 2021; x_wconf 90' lang='lat' dir='ltr'><strong>ido-</strong></span> 
     </span>
     <span class='ocr_line' id='line_1_20' title="bbox 490 2048 1861 2127; baseline 0.003 -16"><span class='ocrx_word' id='word_1_120' title='bbox 490 2048 556 2111; x_wconf 93' lang='lat' dir='ltr'><strong>lo</strong></span> <span class='ocrx_word' id='word_1_121' title='bbox 591 2065 701 2113; x_wconf 90' lang='lat' dir='ltr'><strong>aut</strong></span> <span class='ocrx_word' id='word_1_122' title='bbox 734 2048 1011 2126; x_wconf 91' lang='lat' dir='ltr'><strong>homini,</strong></span> <span class='ocrx_word' id='word_1_123' title='bbox 1047 2051 1149 2114; x_wconf 92' lang='lat' dir='ltr'><strong>vel</strong></span> <span class='ocrx_word' id='word_1_124' title='bbox 1182 2049 1226 2112; x_wconf 90' lang='lat' dir='ltr'><strong>fi</strong></span> <span class='ocrx_word' id='word_1_125' title='bbox 1261 2050 1495 2127; x_wconf 87' lang='lat' dir='ltr'><strong>dicam,</strong></span> <span class='ocrx_word' id='word_1_126' title='bbox 1524 2050 1714 2114; x_wconf 92' lang='lat' dir='ltr'><strong>illum</strong></span> <span class='ocrx_word' id='word_1_127' title='bbox 1741 2050 1861 2115; x_wconf 86' lang='lat' dir='ltr'><strong>effe</strong></span> 
     </span>
     <span class='ocr_line' id='line_1_21' title="bbox 492 2143 1856 2220; baseline 0.001 -14"><span class='ocrx_word' id='word_1_128' title='bbox 492 2143 772 2206; x_wconf 88' lang='lat' dir='ltr'><strong>fimilem</strong></span> <span class='ocrx_word' id='word_1_129' title='bbox 821 2145 1103 2207; x_wconf 90' lang='lat' dir='ltr'><strong>minimo</strong></span> <span class='ocrx_word' id='word_1_130' title='bbox 1153 2143 1255 2206; x_wconf 93' lang='lat' dir='ltr'><strong>vel</strong></span> <span class='ocrx_word' id='word_1_131' title='bbox 1303 2145 1597 2207; x_wconf 87' lang='lat' dir='ltr'><strong>maximo</strong></span> <span class='ocrx_word' id='word_1_132' title='bbox 1646 2144 1856 2220; x_wconf 79' lang='lat' dir='ltr'><strong>finito,</strong></span> 
     </span>
     <span class='ocr_line' id='line_1_22' title="bbox 488 2232 1858 2325; baseline 0.004 -28"><span class='ocrx_word' id='word_1_133' title='bbox 488 2235 752 2324; x_wconf 89' lang='lat' dir='ltr'><strong>perinde</strong></span> <span class='ocrx_word' id='word_1_134' title='bbox 785 2236 895 2313; x_wconf 91' lang='lat' dir='ltr'><strong>est,</strong></span> <span class='ocrx_word' id='word_1_135' title='bbox 931 2232 1142 2325; x_wconf 89' lang='lat' dir='ltr'><strong>quum</strong></span> <span class='ocrx_word' id='word_1_136' title='bbox 1178 2237 1359 2302; x_wconf 90' lang='lat' dir='ltr'><strong>nulla</strong></span> <span class='ocrx_word' id='word_1_137' title='bbox 1393 2238 1551 2301; x_wconf 90' lang='lat' dir='ltr'><strong>ratio</strong></span> <span class='ocrx_word' id='word_1_138' title='bbox 1587 2238 1660 2302; x_wconf 91' lang='lat' dir='ltr'><strong>fit</strong></span> <span class='ocrx_word' id='word_1_139' title='bbox 1703 2239 1858 2302; x_wconf 90' lang='lat' dir='ltr'><strong>Infi-</strong></span> 
     </span>
     <span class='ocr_line' id='line_1_23' title="bbox 491 2329 1858 2418; baseline 0.002 -26"><span class='ocrx_word' id='word_1_140' title='bbox 491 2330 613 2392; x_wconf 91' lang='lat' dir='ltr'><strong>niti</strong></span> <span class='ocrx_word' id='word_1_141' title='bbox 637 2332 702 2395; x_wconf 85' lang='lat'>&amp;</span> <span class='ocrx_word' id='word_1_142' title='bbox 729 2329 918 2408; x_wconf 87' lang='lat' dir='ltr'><strong>finiti,</strong></span> <span class='ocrx_word' id='word_1_143' title='bbox 944 2331 1115 2394; x_wconf 91' lang='lat' dir='ltr'><strong>unde</strong></span> <span class='ocrx_word' id='word_1_144' title='bbox 1137 2354 1315 2418; x_wconf 87' lang='lat' dir='ltr'><strong>aeque</strong></span> <span class='ocrx_word' id='word_1_145' title='bbox 1337 2329 1611 2395; x_wconf 86' lang='lat' dir='ltr'><strong>craffum</strong></span> <span class='ocrx_word' id='word_1_146' title='bbox 1634 2330 1742 2404; x_wconf 93' lang='lat' dir='ltr'><strong>est,</strong></span> <span class='ocrx_word' id='word_1_147' title='bbox 1768 2332 1858 2395; x_wconf 93' lang='lat' dir='ltr'><strong>di-</strong></span> 
     </span>
     <span class='ocr_line' id='line_1_24' title="bbox 491 2423 1856 2499; baseline 0.003 -13"><span class='ocrx_word' id='word_1_148' title='bbox 491 2445 653 2499; x_wconf 91' lang='lat' dir='ltr'><strong>cere,</strong></span> <span class='ocrx_word' id='word_1_149' title='bbox 685 2425 910 2487; x_wconf 91' lang='lat' dir='ltr'><strong>Deum</strong></span> <span class='ocrx_word' id='word_1_150' title='bbox 933 2423 1052 2488; x_wconf 85' lang='lat' dir='ltr'><strong>effe</strong></span> <span class='ocrx_word' id='word_1_151' title='bbox 1080 2425 1355 2489; x_wconf 90' lang='lat' dir='ltr'><strong>fimilem</strong></span> <span class='ocrx_word' id='word_1_152' title='bbox 1392 2425 1673 2489; x_wconf 89' lang='lat' dir='ltr'><strong>minimo</strong></span> <span class='ocrx_word' id='word_1_153' title='bbox 1706 2426 1856 2490; x_wconf 90' lang='lat' dir='ltr'><strong>fini-</strong></span> 
     </span>
     <span class='ocr_line' id='line_1_25' title="bbox 491 2518 1858 2595; baseline 0.004 -16"><span class='ocrx_word' id='word_1_154' title='bbox 491 2531 559 2580; x_wconf 91' lang='lat' dir='ltr'><strong>to</strong></span> <span class='ocrx_word' id='word_1_155' title='bbox 595 2532 704 2580; x_wconf 92' lang='lat' dir='ltr'><strong>aut</strong></span> <span class='ocrx_word' id='word_1_156' title='bbox 739 2519 1054 2595; x_wconf 85' lang='lat' dir='ltr'><strong>maximO,</strong></span> <span class='ocrx_word' id='word_1_157' title='bbox 1078 2520 1179 2583; x_wconf 91' lang='lat' dir='ltr'><strong>vel</strong></span> <span class='ocrx_word' id='word_1_158' title='bbox 1213 2518 1569 2582; x_wconf 90' lang='lat' dir='ltr'><strong>minimum</strong></span> <span class='ocrx_word' id='word_1_159' title='bbox 1592 2536 1702 2583; x_wconf 90' lang='lat' dir='ltr'><strong>aut</strong></span> <span class='ocrx_word' id='word_1_160' title='bbox 1723 2542 1858 2584; x_wconf 89' lang='lat' dir='ltr'><strong>ma-</strong></span> 
     </span>
     <span class='ocr_line' id='line_1_26' title="bbox 492 2610 1854 2692; baseline 0.004 -20"><span class='ocrx_word' id='word_1_161' title='bbox 492 2610 754 2673; x_wconf 85' lang='lat' dir='ltr'><strong>ximum</strong></span> <span class='ocrx_word' id='word_1_162' title='bbox 777 2611 897 2675; x_wconf 84' lang='lat' dir='ltr'><strong>effe</strong></span> <span class='ocrx_word' id='word_1_163' title='bbox 932 2614 1179 2687; x_wconf 92' lang='lat' dir='ltr'><strong>Deum,</strong></span> <span class='ocrx_word' id='word_1_164' title='bbox 1204 2635 1276 2675; x_wconf 92' lang='lat' dir='ltr'><strong>ac</strong></span> <span class='ocrx_word' id='word_1_165' title='bbox 1298 2612 1341 2675; x_wconf 91' lang='lat' dir='ltr'>fi</span> <span class='ocrx_word' id='word_1_166' title='bbox 1364 2613 1596 2676; x_wconf 91' lang='lat' dir='ltr'><strong>vellem</strong></span> <span class='ocrx_word' id='word_1_167' title='bbox 1620 2612 1854 2692; x_wconf 88' lang='lat' dir='ltr'><strong>dicere,</strong></span> 
     </span>
     <span class='ocr_line' id='line_1_27' title="bbox 492 2703 1855 2792; baseline 0.005 -27"><span class='ocrx_word' id='word_1_168' title='bbox 492 2703 852 2792; x_wconf 88' lang='lat' dir='ltr'><strong>imaginem</strong></span> <span class='ocrx_word' id='word_1_169' title='bbox 888 2706 1067 2770; x_wconf 91' lang='lat' dir='ltr'><strong>illam</strong></span> <span class='ocrx_word' id='word_1_170' title='bbox 1102 2705 1377 2769; x_wconf 89' lang='lat' dir='ltr'><strong>fimilem</strong></span> <span class='ocrx_word' id='word_1_171' title='bbox 1401 2707 1520 2770; x_wconf 84' lang='lat' dir='ltr'><strong>effe</strong></span> <span class='ocrx_word' id='word_1_172' title='bbox 1556 2709 1728 2787; x_wconf 91' lang='lat' dir='ltr'><strong>De0,</strong></span> <span class='ocrx_word' id='word_1_173' title='bbox 1754 2708 1855 2773; x_wconf 92' lang='lat' dir='ltr'><strong>vel</strong></span> 
     </span>
     <span class='ocr_line' id='line_1_28' title="bbox 489 2798 1858 2889; baseline 0.004 -29"><span class='ocrx_word' id='word_1_174' title='bbox 489 2798 558 2860; x_wconf 90' lang='lat' dir='ltr'><strong>in</strong></span> <span class='ocrx_word' id='word_1_175' title='bbox 593 2798 702 2862; x_wconf 93' lang='lat' dir='ltr'><strong>illa</strong></span> <span class='ocrx_word' id='word_1_176' title='bbox 737 2798 1023 2888; x_wconf 87' lang='lat' dir='ltr'><strong>imagine</strong></span> <span class='ocrx_word' id='word_1_177' title='bbox 1057 2798 1174 2863; x_wconf 84' lang='lat' dir='ltr'><strong>effe</strong></span> <span class='ocrx_word' id='word_1_178' title='bbox 1212 2801 1477 2876; x_wconf 91' lang='lat' dir='ltr'><strong>Deum;</strong></span> <span class='ocrx_word' id='word_1_179' title='bbox 1532 2801 1631 2864; x_wconf 92' lang='lat' dir='ltr'><strong>vel</strong></span> <span class='ocrx_word' id='word_1_180' title='bbox 1666 2817 1858 2889; x_wconf 92' lang='lat' dir='ltr'><strong>prout</strong></span> 
     </span>
     <span class='ocr_line' id='line_1_29' title="bbox 489 2891 1856 2981; baseline 0.001 -26"><span class='ocrx_word' id='word_1_181' title='bbox 489 2891 762 2981; x_wconf 90' lang='lat' dir='ltr'><strong>antiqui,</strong></span> <span class='ocrx_word' id='word_1_182' title='bbox 798 2891 988 2958; x_wconf 92' lang='lat' dir='ltr'><strong>illum</strong></span> <span class='ocrx_word' id='word_1_183' title='bbox 1025 2892 1366 2958; x_wconf 91' lang='lat' dir='ltr'><strong>hominem</strong></span> <span class='ocrx_word' id='word_1_184' title='bbox 1396 2894 1515 2958; x_wconf 87' lang='lat' dir='ltr'><strong>effe</strong></span> <span class='ocrx_word' id='word_1_185' title='bbox 1548 2894 1649 2958; x_wconf 90' lang='lat' dir='ltr'><strong>vel</strong></span> <span class='ocrx_word' id='word_1_186' title='bbox 1682 2892 1856 2957; x_wconf 91' lang='lat' dir='ltr'><strong>futu-</strong></span> 
     </span>
    </p>

    <p class='ocr_par' dir='ltr' id='par_1_3' title="bbox 1706 3009 1855 3053">
     <span class='ocr_line' id='line_1_30' title="bbox 1706 3009 1855 3053; baseline 0.02 -3"><span class='ocrx_word' id='word_1_187' title='bbox 1706 3009 1855 3053; x_wconf 91' lang='lat' dir='ltr'><strong>rum</strong></span> 
     </span>
    </p>
   </div>
  </div>
 </body>
</html>
