2080 3424
441 256 511 321 &
543 255 725 342 cazfiz
736 254 936 342 finali
961 255 1301 322 creationis.
1429 278 1452 320 1
1467 278 1511 341 4
1525 278 1547 319 1

285 395 369 457 Et
390 393 544 481 quia
569 391 806 467 anima,
829 390 980 454 licet
1001 390 1183 454 finita
1209 391 1307 466 fit,
1336 408 1556 457 tamen

193 485 396 576 usque
420 487 635 575 primo
667 485 781 548 illo
806 482 1262 573 perfeetiffimo
1290 486 1558 551 fimilior

191 585 253 646 &
295 580 596 670 propior3
649 601 804 643 nam
850 578 1063 642 omnis
1108 577 1556 644 diffimilitudo

189 698 224 738 a
256 674 619 737 remotione
639 674 705 738 δε
725 671 1203 736 derivationum
1229 669 1385 736 serie
1413 675 1556 738 uni-

188 791 261 832 ce
294 767 579 856 profluit,
616 770 680 832 &
715 766 787 830 fit
815 766 1032 830 minus
1065 768 1129 831 δε
1164 767 1380 831 minus
1418 791 1556 855 per-

186 861 476 938 fe&um;
535 883 878 950 quumque
920 859 1137 924 anima
1183 861 1256 924 fit
1295 861 1558 950 propior

186 954 665 1044 perfeetiffimo,
733 977 867 1018 non
941 954 1215 1042 potuisse
1278 955 1554 1033 videtur,

186 1073 388 1138 quarn
410 1049 526 1114 fibi
552 1049 792 1126 relieta,
820 1063 890 1112 ut
923 1050 1146 1136 purius
1180 1047 1444 1136 spiraret
1477 1007 1556 1113 ad

184 1145 377 1208 illum
430 1144 652 1220 finem,
703 1145 768 1208 &
818 1142 902 1206 fic
946 1142 1124 1230 quod
1175 1143 1290 1207 fibi
1337 1144 1558 1208 relieta

190 1236 453 1326 (loquor
486 1236 564 1301 de
596 1237 792 1325 primi
824 1234 1110 1301 hominis
1143 1237 1385 1324 anima)
1424 1239 1558 1303 vel-

187 1333 275 1396 let
310 1329 523 1421 ipsum
558 1353 790 1420 corpus
824 1330 901 1394 ad
937 1330 1430 1396 fimilitudinem
1463 1332 1556 1395 sui

189 1448 430 1514 regere,
454 1427 608 1514 quia
634 1426 925 1513 regimen
961 1424 1214 1505 habuit,
1238 1442 1557 1514 quatenus

190 1520 358 1584 nihil
392 1522 497 1608 agi
530 1517 854 1609 potuiffet,
891 1518 1003 1584 nifi
1054 1519 1162 1583 illa
1201 1518 1455 1584 conscia
1491 1524 1555 1587 &

188 1611 634 1703 conspirante:
697 1609 805 1677 sed
855 1613 1007 1702 quia
1056 1636 1189 1678 non
1240 1611 1396 1692 sola,
1448 1613 1556 1678 sed

188 1707 597 1795 conjuncffim
631 1729 787 1770 cum
833 1730 1124 1795 corpore,
1161 1722 1412 1813 regeret
1447 1732 1555 1773 vo-

187 1802 531 1874 luntatem,
570 1823 701 1864 non
746 1801 957 1890 potuit
1002 1802 1161 1890 quin
1198 1803 1428 1865 animae
1461 1802 1558 1867 ni-

188 1893 289 1960 sus
325 1919 458 1960 non
486 1893 635 1959 effet
660 1895 850 1983 plane
886 1896 1060 1958 idem
1095 1898 1158 1960 δε
1193 1896 1556 1961 fimillimus

190 2013 346 2054 cum
396 1987 538 2054 nisu
606 1990 924 2078 corporis;
993 2013 1205 2078 quum
1259 1991 1556 2055 voluntas

189 2083 494 2172 penderet
539 2107 574 2148 a
617 2084 889 2157 ratione,
923 2085 987 2148 δε
1031 2085 1193 2148 ratio
1227 2084 1304 2148 ab
1339 2085 1558 2149 anima

191 2181 255 2243 &
304 2200 571 2268 corpore
617 2177 834 2256 simul,
871 2176 1028 2242 hinc
1077 2201 1285 2242 unum
1334 2179 1558 2244 debuit

190 2295 411 2361 regere
445 2271 745 2350 alterum,
782 2271 964 2336 aliter
1007 2272 1051 2335 fi
1088 2273 1380 2337 voluntas
1415 2274 1557 2338 uni-

192 2389 264 2430 ce
319 2366 627 2471 penderet
675 2366 754 2430 ab
805 2366 1022 2430 anima
1074 2366 1202 2430 fine
1254 2365 1557 2432 societate

193 2461 492 2548 corporis,
594 2460 715 2524 Sed
762 2458 869 2523 hic
921 2458 1085 2523 foret
1137 2463 1557 2550 ampliffimus

193 2576 457 2642 campus
503 2551 953 2643 exspatiandi
937 2577 1005 2617 1n
1041 2552 1555 2662 disquifitioneni

195 2647 272 2710 de
307 2647 506 2712 libera
555 2647 888 2712 voluntate
935 2646 1221 2713 hominis
1265 2652 1329 2714 ὃς
1360 2650 1557 2738 primi

195 2741 528 2805 hominis'
514 2763 578 2804 1n
626 2741 814 2806 rebus
856 2742 1227 2820 mundaniS,
1266 2758 1336 2807 ut
1381 2748 1445 2808 &
1480 2745 1557 2807 de

196 2835 426 2898 animae
480 2837 544 2900 δε
603 2836 883 2924 corporis
931 2833 1253 2900 consortio
1303 2834 1558 2926 conspi-

196 2929 479 2992 rantium
509 2928 698 2992 fimul
725 2930 791 2993 in
819 2929 1248 3007 voluntatem,
1274 2954 1415 3019 quae
1449 2931 1558 2996 hic

1347 3021 1562 3113 super-
