2080 3424
455 246 526 312 &²
557 245 741 332 causc'z
750 243 951 333 finali
978 245 1314 310 creationis.
1476 268 1560 333 29

209 386 298 451 vis
331 385 376 449 fi
411 385 479 447 in
515 383 815 447 notitiam
845 383 1170 469 QALIS
1205 384 1566 471 pervenire-

171 557 174 560 *
208 502 377 554 muS,
417 477 631 543 nullus
669 474 836 540 foret
881 476 1219 540 dubitandi
1259 477 1438 540 locus
1489 477 1567 540 de

208 576 372 649 AN;
433 593 832 659 quocunque
871 570 1070 634 modo
1120 567 1568 659 philosophice

206 667 309 731 vel
349 665 743 754 geometrice
782 663 1115 752 explorare
1155 665 1570 752 incognitum

206 758 574 849 satagimus,
601 756 939 823 sciendum
966 757 1055 821 est
1089 781 1169 822 an
1205 756 1571 847 subjeetum

209 855 306 929 fit,
342 854 465 917 five
500 877 581 917 an
622 853 690 917 in
723 853 952 941 ignoto
1001 853 1293 939 QALE
1327 852 1573 941 aliquid

207 949 401 1013 lateat
424 974 440 1024 ;
493 970 703 1035 quum
729 947 1020 1036 primum
1047 944 1204 1010 scire
1225 947 1574 1035 contigerit

209 1042 385 1131 quod
431 1042 639 1118 detur,
686 1042 950 1104 tandem
995 1040 1084 1105 est
1130 1041 1307 1105 locus
1359 1041 1573 1129 inqui-

207 1135 414 1210 rendi,
449 1135 639 1224 quale
680 1134 790 1200 fit:
844 1156 1220 1199 maneamus
1254 1136 1471 1222 itaque
1506 1135 1574 1199 in

207 1230 509 1319 ipfissima
541 1225 698 1292 serie
733 1228 1084 1307 rationum,
1121 1232 1183 1294 &
1216 1252 1577 1318 quaeramus

210 1324 384 1388 nude
404 1326 468 1389 ὅτ,
495 1323 624 1387 fine
652 1324 1051 1412 argumentis
1079 1347 1113 1387 a
1148 1339 1376 1388 natura
1408 1324 1575 1412 peti-

208 1418 307 1494 tis,
344 1418 469 1482 five
502 1417 579 1481 de
613 1416 867 1481 effentia
904 1419 968 1483 &
1002 1418 1334 1508 qualitate,
1363 1419 1432 1483 N
1453 1441 1495 1483 U
1516 1439 1574 1482 M

210 1514 247 1576 S
265 1534 288 1575 1
307 1534 375 1578 T.
1310 1518 1312 1520 ’

304 1699 724 1765 Affumamus
774 1699 842 1763 in
893 1699 1075 1764 hunc
1119 1700 1319 1764 finem
1356 1701 1579 1790 ipfiffi-

211 1817 390 1858 mam
439 1794 572 1881 ejus
619 1794 1125 1872 conclufionem‚
1160 1795 1337 1883 quod
1392 1811 1581 1860 natu-

213 1889 427 1954 raliter
459 1888 809 1954 Infinitum
844 1911 978 1952 non
1014 1887 1244 1967 detur3
1296 1891 1474 1978 quod
1508 1891 1581 1955 il-

212 1984 347 2061 lud,
383 1982 559 2071 quod
596 1983 889 2072 primum
925 1997 1035 2047 aut
1068 1984 1424 2048 minimum
1471 1984 1580 2062 est,

214 2078 288 2141 fit
314 2076 558 2166 aliquid
586 2076 896 2154 naturale,
921 2073 1029 2141 seu
1057 2077 1301 2168 aliquid
1330 2095 1582 2144 natura-

213 2171 260 2235 li
294 2171 521 2249 fimile,
558 2171 712 2259 quia
745 2170 1091 2236 Infinitum
1127 2172 1217 2237 est
1267 2189 1583 2263 tanquam

216 2264 382 2331 nihil
404 2266 472 2330 in
495 2266 769 2330 ratione:
818 2280 1098 2354 ponatur
1120 2267 1263 2355 jam
1289 2268 1582 2357 primum

215 2359 319 2424 vel
360 2361 716 2424 minimum
753 2359 1000 2448 aliquid
1050 2363 1340 2426 naturale
1383 2363 1482 2426 vel
1526 2365 1585 2427 ei

218 2454 446 2533 fimile,
469 2454 801 2543 quaeritur,
839 2455 1077 2519 UNDE
1105 2471 1214 2521 aut
1249 2459 1360 2520 Ex
1393 2459 1581 2545 QA
1646 2490 1899 2552 Qaeratur

222 2549 276 2611 C
296 2569 341 2612 A
362 2571 404 2614 U
425 2574 449 2614 s
469 2570 517 2612 A
565 2546 833 2611 existere
878 2548 1176 2637 potuisset
1221 2553 1344 2617 tale
1388 2552 1582 2615 mini·
1604 2574 1660 2603 ex
1685 2575 1769 2619 qua
1794 2575 1895 2603 cau·

219 2665 404 2706 mum
440 2657 549 2706 aut
592 2643 928 2731 primum?
978 2643 1104 2708 hoc
1149 2669 1183 2709 e
1229 2668 1400 2710 novo
1436 2628 1896 2739 mo-{Ztffiffum

217 2751 323 2801 vet
373 2736 717 2811 rationem,
764 2751 836 2800 ut
886 2733 1043 2801 scire
1092 2739 1280 2827 poffit
1323 2738 1832 2823 causampoffitexi-

219 2830 391 2918 ejus:
447 2829 491 2894 fi
530 2831 791 2919 cogitet,
838 2832 1014 2918 quod
1055 2833 1179 2896 tale
1225 2828 1757 2899 minimumstere?

218 2923 322 2988 vel
365 2924 655 3013 primum
708 2947 788 2988 ex
841 2922 904 2989 se
938 2924 1290 3007 exstitiffet,
1339 2943 1446 2992 aut
1490 2926 1588 2992 sui

1405 3046 1472 3087 ca
1484 3022 1593 3088 usa
