2080 3424
488 312 577 375 40
840 292 992 381 Cap.
1032 293 1091 356 I.
1134 293 1236 357 De
1270 291 1513 380 Infinito

486 423 635 487 inde
663 425 835 490 aliud
870 422 1186 514 sequitur,
1211 450 1410 514 quam
1441 426 1616 515 quod
1652 427 1718 491 in
1745 423 1843 490 his

482 519 822 606 primitivis
850 519 1105 583 latuerit
1138 521 1260 583 tale
1283 521 1464 608 quid,
1493 535 1566 585 ut
1596 543 1709 610 per
1735 543 1842 584 ne-

483 612 832 676 ceffitatem
861 613 1219 677 naturalem
1243 614 1466 677 omnia
1487 614 1570 678 fic
1603 614 1843 704 produ-

483 705 543 769 ci
594 704 963 794 potuiffent,
1011 708 1068 769 ei
1115 705 1417 770 inhaefiffe
1468 709 1687 772 omnia
1740 709 1842 772 vel

481 821 596 887 per
629 799 949 887 analogon
977 799 1077 863 vel
1111 822 1224 888 per
1255 798 1491 876 causas,
1517 802 1582 864 in
1606 801 1842 890 quibus

482 892 686 956 fimile
761 893 1052 956 existeret
1116 909 1248 957 tam
1312 917 1441 982 qua
1517 896 1839 971 attributa,

481 1009 677 1073 quam
737 1009 865 1074 qua
915 985 1242 1050 effentiam
1295 990 1359 1052 δε
1412 1011 1542 1076 qua
1592 989 1840 1065 modOS‚

482 1095 903 1168 quotcunque
937 1082 1001 1145 ὅτ,
1035 1078 1518 1170 qualescunque
1564 1079 1842 1172 philoso-

478 1172 668 1261 phice
704 1191 814 1237 aut
849 1174 1240 1238 rationaliter
1284 1176 1538 1264 concipi
1578 1191 1839 1266 queant,

481 1265 771 1356 sequitur
805 1283 1023 1331 tamen
1064 1268 1234 1346 inde,
1271 1270 1651 1357 potentiam,
1687 1271 1843 1358 apti-

481 1361 780 1424 tudinem
832 1364 895 1426 &
928 1359 1301 1426 facultatem
1338 1363 1404 1425 in
1444 1363 1565 1427 illis
1599 1361 1843 1428 latuiffe

479 1454 877 1543 producendi
931 1456 1174 1533 omnia,
1228 1456 1440 1544 qualia
1492 1456 1637 1521 dein
1691 1480 1840 1546 pro-

479 1549 671 1612 ducta
693 1549 838 1614 fint:
878 1549 1080 1611 nolim
1105 1550 1419 1638 principia
1443 1550 1706 1615 illorum
1735 1573 1842 1614 ne-

481 1665 664 1729 gare3
720 1665 871 1705 nam
909 1665 1038 1706 non
1074 1642 1326 1731 poffum
1362 1658 1495 1707 tam
1531 1645 1739 1709 multa
1772 1646 1840 1707 in

482 1735 579 1799 his
629 1734 927 1812 formare,
975 1759 1116 1825 quae
1151 1759 1283 1801 non
1317 1737 1666 1803 concedere
1707 1739 1840 1803 vel-

480 1829 651 1906 lem;
707 1853 855 1894 nam
904 1853 1037 1917 quo
1086 1830 1228 1919 plus
1276 1831 1711 1910 concefferim,
1764 1855 1841 1897 eo

481 1924 713 1987 certius
748 1921 1047 2012 agnosces
1083 1924 1589 1989 conclufionem.

575 2112 726 2195 Jam
753 2125 1112 2199 repetamus
1148 2111 1436 2199 primum
1461 2113 1837 2191 terminum,

481 2201 720 2268 scilicet
741 2203 918 2292 quod
954 2204 1300 2268 Infinitum
1331 2207 1403 2270 s1t
1436 2204 1621 2270 causa
1645 2209 1841 2295 primi

481 2313 589 2362 aut
624 2297 883 2362 minimi
919 2297 1108 2372 finiti,
1146 2298 1212 2361 in
1241 2298 1337 2363 his
1362 2299 1665 2384 jamdum
1687 2324 1838 2364 con-

479 2391 775 2455 venimus
806 2417 822 2467 ;
876 2391 1022 2454 dein
1045 2391 1352 2478 jamdum
1386 2392 1836 2469 concesseram,

480 2483 658 2573 quod
695 2508 730 2548 a
771 2487 984 2573 primo
1033 2484 1160 2549 hoc
1191 2487 1471 2550 minimo
1509 2509 1622 2575 per
1656 2503 1839 2552 natu-

481 2579 678 2642 ralem
759 2579 1055 2642 ordinem
1130 2602 1372 2668 perque
1449 2580 1838 2646 neceffitates

480 2668 900 2760 quascunque
932 2673 1085 2736 velis
1125 2677 1335 2737 omnis
1369 2674 1652 2738 mundus
1685 2697 1836 2739 cum

477 2764 771 2846 seriebu8,
807 2765 1258 2854 appendicibus
1291 2769 1354 2832 &
1387 2768 1670 2856 partibus
1712 2766 1837 2834 suis

480 2857 812 2933 exstiterit,
862 2859 1020 2947 quid
1083 2860 1232 2923 inde
1286 2858 1574 2949 sequitur
1639 2862 1833 2939 aliud,

481 2976 681 3042 quarn
716 2953 890 3042 quod
924 2953 989 3017 in
1022 2954 1362 3043 primitivis
1396 2953 1493 3019 his
1539 2956 1662 3020 five
1717 2957 1836 3018 mi-

1642 3071 1835 3112 nimis
