2080 3424
480 236 498 278 1
527 235 608 298 14
823 216 974 304 Cap.
1010 215 1066 279 I.
1106 215 1208 280 De
1240 212 1484 300 Itfim'to

471 350 721 428 clariUS,
771 372 903 414 non
954 350 1209 440 concipi
1255 348 1484 439 potest,
1538 348 1835 438 quamvis

475 444 517 507 fi
569 443 909 522 diceretur,
971 467 1103 508 non
1168 460 1593 533 repugnaret:
1663 443 1835 505 unde

473 560 699 602 omnes
729 554 968 602 naturae
1003 539 1159 602 fines
1186 538 1288 602 vel
1314 561 1534 602 rerum
1570 551 1833 600 natura-

474 632 638 695 lium
675 633 938 696 termini
972 631 1293 720 incipiunt
1325 633 1389 696 ὅτ,
1424 632 1724 695 definunt
1769 629 1835 692 in

474 725 691 789 finitis.
763 725 885 788 Sed
912 725 1019 790 hic
1053 723 1264 789 sermo
1299 724 1388 788 est
1421 725 1498 788 de
1533 725 1739 813 prima
1775 726 1838 788 &

476 820 708 883 ultima
742 817 929 883 causa
961 819 1159 895 finali,
1184 819 1308 882 five
1342 834 1602 925 propter
1636 841 1837 906 quem

474 913 676 977 finem
711 913 906 977 creati
939 914 1061 977 fint
1094 912 1164 976 hi
1198 915 1462 977 termini
1496 912 1837 984 naturaleS,

476 1005 610 1071 haec
637 1005 824 1071 causa
850 1009 1060 1096 prima
1088 1029 1219 1070 non
1249 1007 1455 1095 potest
1480 1006 1600 1070 effe
1628 1005 1786 1070 nifi
1771 1028 1839 1068 m

478 1101 769 1178 Infinito,
801 1125 954 1165 nam
988 1099 1187 1165 causae
1223 1100 1387 1165 nihil
1424 1099 1762 1164 naturale
1745 1122 1840 1162 in-

476 1195 584 1272 est,
634 1191 741 1258 sed
788 1196 1073 1259 naturale
1119 1194 1347 1283 incipit
1391 1192 1581 1258 ineffe
1627 1194 1842 1282 primo

477 1290 612 1353 enti
647 1313 681 1352 a
715 1286 900 1353 causa
933 1290 1270 1379 productO,
1300 1287 1472 1352 unde
1507 1287 1739 1363 voluit,
1769 1303 1842 1351 ut

478 1382 793 1446 naturalia
827 1384 948 1447 sint
982 1382 1196 1447 media
1231 1382 1308 1446 ad
1353 1382 1546 1446 talem
1595 1382 1839 1458 finem;

477 1500 634 1565 ergo
681 1499 809 1540 non
855 1477 1060 1566 potest
1109 1477 1421 1540 ultimum
1468 1476 1660 1540 finale
1704 1476 1845 1540 talis

478 1569 678 1635 causae
714 1571 1049 1635 confistere
1083 1572 1149 1634 in
1198 1594 1357 1660 pure
1402 1569 1699 1645 naturali,
1737 1568 1844 1634 sed

478 1666 547 1729 in
574 1666 982 1729 connexione
1009 1664 1295 1753 ejusdem
1326 1662 1525 1728 causae
1558 1687 1672 1754 per
1705 1687 1844 1727 me-

480 1760 583 1822 dia
619 1759 952 1836 naturalia,
983 1762 1047 1825 Sc
1082 1759 1165 1822 fic
1198 1759 1443 1848 primus
1476 1762 1539 1824 δε
1576 1759 1844 1822 ultimus

481 1853 623 1917 finis
673 1851 735 1916 se
784 1856 1207 1929 connectunt,
1259 1856 1323 1918 &
1375 1850 1846 1940 consequenter

481 1946 631 2011 sunt
664 1946 906 2010 infiniti
940 1947 1064 2010 five
1099 1970 1214 2034 pro
1250 1946 1544 2010 infinito:
1590 1946 1745 2009 hinc
1773 1961 1844 2009 ut

483 2039 696 2104 media
730 2040 1042 2104 naturalia
1075 2041 1311 2128 poffint
1356 2038 1717 2127 conspirare
1764 2040 1844 2103 ad

482 2133 673 2196 illum
719 2133 942 2210 finem,
981 2135 1258 2197 tendunt
1302 2133 1457 2198 illuc
1502 2136 1745 2209 omnia,
1783 2136 1845 2198 &

483 2227 635 2315 quia
668 2225 872 2291 homo
917 2226 1006 2290 est
1047 2242 1120 2291 ut
1164 2226 1458 2290 medium
1504 2227 1657 2315 ejus,
1694 2226 1848 2292 hinc
1894 2252 1896 2254 ·

485 2321 682 2384 etiam
728 2321 837 2384 ille
881 2322 953 2386 fit
997 2321 1307 2410 particeps
1352 2321 1636 2408 ejusdem
1682 2321 1847 2399 finis,

487 2437 620 2478 non
672 2430 987 2503 tanquam
1038 2413 1203 2492 finis,
1248 2415 1363 2479 nifi
1415 2413 1846 2492 secundariuS,

486 2505 592 2572 sed
624 2523 940 2597 tanquam
981 2507 1315 2586 medium3
1369 2507 1475 2573 sed
1509 2509 1586 2574 de
1623 2509 1719 2575 his
1752 2510 1846 2574 la-

486 2602 610 2666 tius
645 2603 712 2666 in
748 2602 1181 2692 sequentibus,

1692 2982 1847 3064 §x
