2080 3424
459 279 547 341 24
806 259 960 347 Cap.
998 260 1053 323 I.
1093 259 1195 323 De
1229 256 1475 346 Infim'to

455 407 516 455 te
551 390 679 456 est:
734 393 931 456 velim
967 394 1162 458 etiam
1204 393 1416 458 adhuc
1455 392 1596 482 plus
1645 393 1816 467 dare,

454 487 631 573 quod
667 509 787 549 nec
811 488 1046 575 angeli,
1070 488 1114 551 fi
1141 488 1343 551 credis
1378 487 1637 576 angelos
1671 487 1814 564 effe,

453 576 561 643 sed
596 596 946 668 antequam
982 581 1203 658 credis,
1237 604 1405 669 pone
1440 581 1580 658 effe,
1607 583 1670 647 δε
1705 604 1816 669 po-

453 696 534 736 ne
580 673 812 737 fimiles
854 676 1084 738 animae
1123 689 1268 752 tuae,
1321 675 1419 738 vel
1459 697 1628 763 pone
1680 697 1812 738 non

453 767 708 843 fimileS‚
745 765 851 831 sed
886 769 1117 832 animis
1142 765 1577 845 senfibilioreS,
1612 766 1816 857 perfe-

452 861 700 939 ctiores,
735 862 1018 950 puriores
1052 865 1115 927 δε
1149 858 1593 951 sapientiores3
1646 861 1812 938 dico,

452 956 628 1042 quod
663 970 882 1019 tamen
918 978 1037 1019 nec
1079 955 1173 1020 illi
1218 971 1546 1044 penetrare
1579 955 1814 1044 poffint

451 1049 517 1111 in
551 1047 875 1112 essentiam
910 1050 1240 1113 infinitatis
1274 1050 1341 1112 in
1379 1051 1564 1114 Deo:
1616 1048 1814 1113 velim

452 1142 647 1206 etiam
677 1142 929 1217 addere,
959 1144 1134 1231 quod
1162 1167 1242 1207 ex
1269 1144 1456 1207 simili
1480 1142 1815 1207 ratiocina-

403 1304 406 1309 ,
450 1237 627 1300 tione
658 1236 980 1301 necessum
1009 1238 1107 1315 s1t,
1141 1251 1213 1300 ut
1246 1239 1313 1301 in
1337 1237 1814 1300 dubitationem

210 2002 333 2046 Num
359 2017 429 2045 ra-

137 2071 343 2114 tiocinan-

139 2137 238 2181 dum
270 2134 332 2195 stt
360 2135 407 2179 de

137 2203 397 2264 infinitate?

449 1330 807 1394 incidamus
835 1330 912 1394 de
933 1330 1203 1395 Infinito
1232 1359 1245 1396 :
1300 1353 1451 1394 nam
1477 1331 1653 1418 quod
1682 1351 1815 1394 non

449 1423 776 1511 poffumus
815 1425 1138 1513 percipere
1174 1448 1284 1513 per
1318 1423 1563 1512 aliquid
1609 1423 1815 1488 simile

449 1517 594 1595 illis,
624 1542 766 1606 quae
793 1519 1115 1595 novimuS,
1137 1515 1243 1581 sed
1277 1541 1488 1607 quum
1524 1519 1597 1582 fit
1631 1519 1697 1581 in
1722 1540 1815 1582 re-

448 1608 666 1699 spectu
695 1612 771 1675 ad
797 1634 994 1675 omne
1021 1612 1084 1675 id
1112 1628 1424 1701 tanquam
1447 1611 1634 1689 nihil,
1661 1634 1814 1675 con-

449 1703 788 1793 sequenter
821 1706 986 1794 perit
1012 1707 1223 1770 omnis
1250 1704 1565 1795 respectus
1599 1705 1815 1770 infini-

450 1799 500 1861 ti
529 1822 642 1887 per
677 1800 961 1864 finitum.

547 1986 664 2049 Sed
722 1986 990 2051 fortaffis
1042 1983 1299 2050 causam
1354 1986 1704 2074 objiciendi
1749 2003 1812 2052 te

451 2076 685 2142 habere
718 2098 923 2169 putas,
961 2082 1137 2168 quod
1179 2080 1562 2169 neutiquam
1604 2080 1814 2170 philo-

450 2169 685 2260 sophiae
730 2174 1097 2237 conceffum
1138 2174 1212 2237 fit
1257 2173 1333 2236 de
1380 2174 1634 2239 effentia
1683 2177 1812 2240 Dei

451 2264 717 2354 ejusque
772 2268 1090 2331 infinitate
1155 2268 1544 2346 ratiocinari,
1601 2294 1812 2359 quum

451 2358 579 2423 hoc
612 2358 842 2424 frustra
887 2362 961 2425 fit
992 2363 1055 2427 δε
1090 2362 1260 2424 recta
1303 2361 1371 2424 in
1420 2385 1656 2428 errores
1697 2363 1812 2428 du-

450 2469 574 2531 cat,
628 2452 734 2518 sed
789 2454 966 2542 quod
1012 2454 1357 2518 debeamus
1401 2455 1562 2519 illud
1612 2472 1684 2521 ut
1725 2455 1813 2521 sa-

451 2569 660 2624 crum,
697 2549 1051 2613 revelatum
1087 2551 1150 2614 &
1187 2549 1269 2612 fic
1302 2549 1650 2613 indubium
1697 2549 1812 2615 sta-

452 2641 573 2704 tim
608 2642 733 2705 fide
768 2641 1315 2730 comprehendere
1338 2645 1402 2707 ὅῑ
1425 2643 1770 2732 complecti
1794 2672 1811 2722 ;

452 2757 606 2798 nam
633 2735 949 2823 quicquid
980 2759 1093 2824 per
1117 2735 1328 2800 literas
1355 2734 1552 2800 sacras
1572 2739 1811 2802 confir-

453 2846 707 2892 matum
742 2829 851 2905 est,
889 2852 1020 2892 non
1055 2852 1213 2918 opus
1247 2828 1336 2892 est
1370 2845 1442 2895 ut
1475 2854 1508 2893 a
1543 2832 1810 2912 ratione,

453 2945 617 3010 aque
663 2920 1069 3013 philosophia
1110 2923 1426 3003 rationali,
1476 2927 1538 2990 &
1592 2949 1626 2988 a
1664 2949 1813 3014 geo-

1586 3034 1816 3085 metrla
