2080 3424
429 221 500 285 ἕξ
531 221 713 307 caustz
722 219 924 305 finali
947 218 1289 284 creationis.
1415 243 1437 285 1
1462 243 1483 285 1
1509 243 1532 285 1

179 341 601 431 terminatum
645 377 802 442 ergo
829 351 1016 417 causa
1043 354 1250 418 finalis
1284 356 1386 419 vel
1421 358 1542 420 im-

176 449 420 537 pulfiva
466 471 598 512 non
642 446 850 537 potest
892 447 1011 510 effe
1055 449 1123 510 in
1166 448 1391 512 mediis
1435 448 1543 513 sed

178 543 244 605 in
296 539 431 631 ipso
482 543 633 617 fine,
672 564 792 604 nec
833 539 1042 630 potest
1090 543 1425 605 terminari
1474 544 1540 607 in

177 637 372 700 finitis
414 634 519 699 sed
576 636 643 699 in
687 636 978 711 Infinit0‚
1017 636 1173 699 adeo
1210 650 1282 698 ut
1316 659 1542 700 omnes

174 728 396 808 causae,
454 744 883 818 quotcunque
949 745 1408 793 concurrerant
1463 732 1538 794 ad

174 823 582 887 existentiam
608 825 672 888 ὅῑ
692 824 1088 888 creationem
1124 825 1380 900 mundi,
1406 847 1538 888 non

169 917 405 1006 poffint
426 917 574 982 alibi
600 916 1020 982 terminari&
1041 918 1324 1007 incipere
1336 942 1539 1006 quam

171 1013 236 1075 in
276 1012 569 1088 Infinito,
595 1034 747 1075 nam
777 1012 1095 1101 quicquid
1117 1012 1269 1076 inde
1301 1012 1538 1101 prodit,

173 1103 324 1170 sunt
358 1105 556 1169 modo
590 1103 880 1183 causata3
926 1128 1046 1169 nec
1079 1105 1286 1195 potest
1318 1106 1395 1169 de
1432 1108 1540 1170 In-

172 1201 359 1264 finito
393 1200 740 1289 praedicari‚
778 1201 954 1289 quod
991 1200 1205 1290 aliqua
1241 1198 1428 1265 causa
1463 1202 1541 1264 ad

171 1296 568 1358 creationem
649 1317 1061 1371 concurrens,
1126 1295 1315 1384 poffit
1387 1295 1540 1359 alibi

173 1389 306 1452 dari
330 1411 530 1476 quam
553 1389 621 1452 in
648 1385 781 1476 ipsa
801 1386 1007 1465 causa,
1034 1390 1331 1455 Infinito:
1371 1391 1415 1454 fi
1443 1390 1540 1453 di-

170 1505 459 1546 ceremus
503 1498 765 1572 propter
809 1483 1061 1546 nullam
1108 1481 1364 1547 causam
1418 1481 1536 1561 sui,

171 1573 278 1639 sed
313 1593 571 1666 propter
605 1574 863 1640 causam
898 1576 1260 1654 finitorum,
1299 1579 1383 1642 fic
1417 1579 1535 1642 ali-

171 1672 326 1758 quid
355 1672 519 1734 velle
546 1671 996 1759 conciperetur
1021 1672 1150 1734 fine
1181 1694 1354 1736 nexu
1383 1695 1537 1737 cau-

168 1763 404 1842 sarum,
430 1765 673 1854 aliquid
699 1765 1068 1853 intelligens
1105 1766 1170 1828 in
1207 1767 1370 1831 velle
1407 1768 1538 1831 fine

170 1857 378 1936 causa,
431 1860 676 1948 aliquid
725 1859 1008 1922 efficiens
1060 1882 1139 1922 ex
1192 1861 1356 1924 velle
1407 1863 1538 1925 fine

169 1951 356 2016 causa
392 1956 455 2017 δε
490 1954 642 2028 fine,
679 1953 857 2042 quod
892 1954 1168 2017 involvit
1210 1957 1538 2019 contradi-

169 2047 455 2110 ctionem
498 2063 607 2111 aut
657 2049 944 2135 aliquam
997 2049 1416 2137 negationem
1468 2051 1536 2112 in

169 2141 477 2218 Infinito;
516 2142 560 2206 fi
595 2142 815 2230 itaque
850 2165 1069 2219 omne,
1094 2142 1271 2231 quod
1294 2144 1362 2206 in
1388 2145 1537 2207 Deo

167 2233 277 2308 est,
293 2237 366 2300 fit
387 2236 890 2311 Infinitum‚erit
912 2236 1105 2300 etiam
1132 2238 1386 2301 infinite
1407 2238 1537 2301 vel-

166 2329 225 2392 le
270 2347 530 2419 propter
572 2328 853 2406 causam,
890 2346 1086 2419 prout
1135 2331 1390 2395 infinite
1440 2333 1537 2395 in-

166 2422 460 2513 telligens
495 2422 586 2488 est
618 2425 687 2489 in
722 2423 908 2497 velle,
946 2427 1010 2490 &
1045 2426 1298 2489 infinite
1333 2427 1536 2490 effici-

165 2539 275 2581 ens
323 2541 403 2581 ex
446 2518 635 2594 velle,
673 2518 832 2582 adeo
881 2533 954 2581 ut
1001 2519 1131 2582 fine
1170 2518 1357 2583 causa
1392 2522 1535 2584 nul-

166 2611 306 2674 lum
357 2613 751 2700 principium
811 2613 879 2676 in
930 2612 1204 2677 Infinito
1257 2612 1533 2720 usquam

167 2706 423 2793 concipi
472 2706 696 2795 poffit.
759 2729 968 2795 quum
1020 2708 1238 2795 itaque
1289 2709 1355 2771 in
1409 2707 1535 2772 hoc

166 2798 330 2862 velle
385 2799 457 2862 fit
514 2800 886 2876 Infinitum,
925 2816 1118 2889 prout
1172 2825 1305 2866 non
1353 2803 1535 2866 aliter

167 2891 287 2955 effe
320 2891 547 2981 potest,
586 2893 741 2958 hinc
777 2894 1125 2959 Infinitum
1173 2898 1294 2960 erit
1338 2898 1532 2960 etiam

1469 3013 1535 3053 1n
