2132 3432
816 313 1150 402 Praefatio
1187 312 1478 383 Editoris.

462 451 894 543 Apostolicae,
988 476 1200 542 neque
1280 449 1429 516 suae
1511 453 1828 518 Ecclefiae

461 545 851 612 consensum
885 548 1095 611 latum
1131 569 1429 636 unquam
1463 547 1727 615 violent.

559 643 698 732 Qi
744 665 955 731 quum
1005 642 1191 705 omni
1238 641 1428 705 laude
1478 642 1662 730 digni
1707 639 1833 706 fint

459 737 638 826 quod
684 758 913 800 arcana
964 735 1374 823 Theologiae
1423 733 1829 800 Christianae

460 832 772 907 maxima,
803 829 881 894 ab
928 845 1191 894 auctore
1233 829 1450 893 nostro
1484 831 1827 918 explicata,

461 926 528 988 in
557 924 838 1014 vulgum
874 923 1370 988 accommodare
1404 924 1620 987 conati
1652 921 1826 999 sunt,

460 1018 673 1083 adhuc
739 1019 1057 1082 nimirum
1123 1018 1235 1081 vix
1314 1015 1612 1107 prospero
1687 1040 1827 1083 rem

459 1112 805 1202 gefferunt.

555 1205 740 1271 Mihi
792 1204 1082 1296 quidem,
1139 1221 1202 1270 et
1253 1205 1337 1270 ob
1390 1205 1536 1270 alias
1592 1229 1708 1286 reS,
1765 1223 1829 1272 et

459 1301 638 1389 quod
692 1298 874 1389 spero
926 1299 1225 1364 homines
1276 1299 1353 1363 ad
1403 1297 1635 1389 scripta
1692 1317 1828 1365 tam

459 1395 782 1460 mirabilia
851 1393 1067 1458 rursus
1137 1393 1527 1483 perlegenda
1596 1394 1829 1458 attrahi

457 1488 652 1577 posse,
692 1488 819 1553 hoc
860 1486 1274 1579 opusculum,
1314 1489 1529 1551 denuo
1563 1485 1830 1578 impres-

459 1580 627 1660 sum,
665 1606 895 1672 operae
929 1585 1211 1672 pretium
1246 1581 1434 1645 edere
1469 1580 1677 1646 visum
1711 1583 1822 1647 est.

553 1677 858 1741 Anotoris
906 1675 1054 1741 san&
1104 1677 1354 1767 primus
1397 1676 1652 1741 libellus
1694 1675 1829 1767 spe-

459 1770 633 1835 cialis
692 1770 805 1850 est,
862 1772 930 1835 in
998 1794 1133 1860 quo
1198 1770 1276 1834 de
1343 1770 1827 1859 quaestionibus

461 1865 739 1929 maximi
817 1866 1167 1943 momenti,
1236 1864 1315 1928 de
1392 1864 1684 1943 Infinito,
1764 1882 1827 1930 et

462 1957 673 2023 Causa
724 1961 777 2024 F
784 1960 938 2024 inali
990 1959 1374 2035 CreationiS,
1426 1958 1635 2048 deque
1688 1983 1830 2024 me·-

457 2050 798 2118 chanismo
824 2054 1211 2142 operationis
1246 2054 1528 2117 Animae
1562 2069 1625 2117 et
1662 2055 1829 2118 Cor-

457 2148 652 2236 poris,
689 2171 871 2211 more
906 2145 1471 2237 philosophorum,
1508 2147 1766 2213 differit.

556 2241 710 2306 Plus
743 2266 943 2331 quarn
970 2257 1238 2306 centum
1261 2256 1323 2305 et
1350 2242 1829 2331 quinquaginta

457 2333 694 2399 abhinc
721 2359 919 2400 annos
945 2359 1177 2425 parvus
1199 2335 1307 2418 hnic
1329 2335 1490 2400 liber
1515 2337 1582 2399 in
1606 2336 1825 2400 lucem

459 2429 665 2493 editus
717 2429 830 2508 est,
873 2427 1158 2494 secundo
1211 2452 1383 2494 anno
1439 2445 1586 2494 ante
1639 2454 1827 2519 mag-

459 2546 621 2587 num
671 2547 830 2613 opus
876 2526 1163 2610 JOSEPHI
1204 2526 1524 2600 BUTLER,
1564 2526 1827 2588 Dunel—

460 2618 690 2683 menfis
720 2617 1042 2708 Episcopi,
1070 2619 1321 2682 nemini
1347 2618 1674 2706 ignotum,
1703 2616 1827 2683 sci-

458 2712 633 2790 licet,
701 2714 1172 2778 ANALOGIAM
1239 2712 1420 2775 illam
1491 2710 1827 2797 Religionis

457 2804 772 2869 naturalis
844 2820 905 2870 et
984 2807 1294 2871 revelatae
1371 2804 1459 2869 ad
1527 2808 1826 2870 Naturae

457 2899 748 2963 rationem
782 2913 842 2964 et
873 2914 1149 2969 tenorem.
1253 2900 1573 2989 Apparuit
1607 2900 1825 2989 itaque

457 3015 534 3057 eo
599 2991 734 3082 ipso
792 3009 1110 3085 tempore,
1178 3016 1312 3083 quo
1380 2994 1727 3084 Religione
1792 3017 1827 3057 a

1675 3085 1826 3176 phi-
