2080 3424
405 275 758 364 operationis
789 274 1008 339 animae
1044 275 1114 339 &
1147 274 1430 364 corporis.
1481 295 1596 363 171

235 410 429 473 caufis
452 409 643 473 ineffe
664 407 936 498 potuiffe
958 407 1060 471 vel
1083 407 1364 471 debuisse
1385 436 1398 473 ε
1453 431 1606 472 nam

236 505 403 566 intra
443 500 658 567 sensus
708 500 952 566 nostros
996 499 1144 565 sunt
1189 502 1393 589 plura,
1440 525 1609 589 quo-

236 620 383 660 rum
432 595 668 671 causaS,
715 594 969 659 causata
1011 598 1075 660 ὅτ,
1119 594 1380 658 effectus
1430 595 1608 659 vide-

236 711 381 753 mus
424 693 488 756 &
534 688 866 768 sentimus,
904 689 1061 753 adeo
1106 702 1179 751 ut
1214 704 1360 752 ante
1394 685 1608 752 sensus
1682 693 1684 695 ’

235 783 588 849 habeamus
611 785 806 848 etiam
833 782 1096 848 effectus
1124 805 1279 845 cum
1305 780 1426 846 suis
1461 805 1608 846 cau-

236 877 331 940 fis.
398 880 633 966 Qum
655 877 1179 942 ratiocinandum
1201 878 1290 940 est
1313 876 1390 939 de
1412 877 1607 940 caufis

235 970 313 1034 ab
348 973 764 1060 experientia,
802 971 1139 1060 quomodo
1179 969 1420 1035 scilicet
1455 994 1608 1034 con-

234 1062 475 1153 spirent
542 1066 620 1130 ad
684 1064 947 1130 effectus
1009 1064 1403 1142 formandOS,
1472 1088 1606 1129 non

233 1160 467 1223 melius
518 1159 645 1223 hoc
693 1158 1043 1249 poffumuS,
1080 1183 1283 1248 quam
1333 1181 1414 1222 ex
1465 1160 1609 1248 ipfis

236 1253 434 1317 caufis
478 1277 634 1342 quas
679 1254 971 1318 videmus
1005 1277 1135 1318 una
1169 1276 1323 1317 cum
1359 1251 1484 1317 suis
1519 1252 1608 1317 ef-

233 1345 527 1425 fectibus,
554 1371 716 1435 quos
748 1346 991 1413 scilicet
1025 1349 1192 1411 intra
1227 1370 1425 1410 unam
1460 1370 1608 1411 ean-

235 1438 519 1530 demque
546 1439 1192 1531 sphaeram'sensuum
1230 1442 1419 1507 fimul
1452 1465 1608 1505 cum

232 1531 357 1598 suis
380 1536 577 1599 caufis
598 1535 1213 1625 comprehendimus
1237 1561 1252 1612 ;
1305 1537 1373 1599 in
1397 1538 1608 1600 omni-

232 1628 350 1692 bus
378 1629 500 1692 illis
529 1630 894 1694 deteximus
916 1629 1036 1693 effe
1058 1628 1605 1706 mechanismum,

233 1719 478 1786 scilicet
543 1724 612 1787 in
684 1722 1015 1788 effectibus
1079 1721 1199 1785 effe
1276 1723 1607 1788 mechani-

232 1813 474 1894 smum,
492 1817 691 1905 inque
713 1819 909 1882 caufis
926 1816 1046 1880 effe
1059 1816 1605 1896 mechanismum,

234 1908 435 1999 usque
462 1910 620 1974 dum
643 1909 844 1981 causae
865 1927 999 1975 tam
1030 1908 1288 1975 subtiles
1311 1911 1606 1989 evadant,

233 2020 307 2068 ut
359 2004 480 2068 illae
533 2002 595 2068 se
640 2029 675 2069 a
717 2003 997 2070 senfibus
1044 2003 1269 2068 nostris
1315 2007 1608 2094 primum

232 2095 603 2162 subtrahere
647 2100 979 2187 incipiant,
1017 2101 1081 2164 δε
1114 2099 1385 2163 demum
1421 2101 1609 2190 plane

234 2189 655 2270 subtrahant3
708 2216 906 2282 quare
951 2210 1110 2257 tunc
1142 2194 1435 2282 primum
1472 2195 1609 2258 illas

235 2310 270 2350 a
320 2285 767 2351 mechanismo
826 2288 1129 2351 volumus
1193 2285 1606 2365 subtrahere;

235 2403 366 2445 non
414 2381 503 2444 est
548 2382 709 2446 ratio
755 2377 1100 2456 sufficiens,
1138 2382 1291 2469 quia
1336 2406 1468 2447 non
1518 2383 1609 2446 est

234 2472 546 2546 sensibile,
593 2475 769 2563 quod
812 2474 951 2539 talis
997 2476 1091 2552 fit,
1139 2473 1343 2563 usque
1389 2492 1608 2541 tamen

232 2567 438 2656 potest
472 2567 590 2633 effe
622 2570 1063 2658 perceptibile,
1100 2572 1276 2657 quod
1326 2571 1465 2635 talis
1512 2572 1606 2647 fit,

233 2664 429 2726 etiam
463 2662 666 2751 potest
700 2662 819 2727 effe
853 2663 1205 2751 plaufibile,
1242 2667 1304 2729 &
1339 2665 1608 2753 quidem

233 2779 346 2844 per
373 2757 821 2820 inductionem
859 2757 937 2820 ab
972 2757 1115 2834 illis,
1151 2781 1291 2846 quae
1324 2781 1436 2847 per
1472 2756 1608 2822 sen-

234 2847 335 2914 sus
384 2850 693 2939 capimus.
797 2849 951 2915 Hoc
997 2874 1130 2915 non
1183 2850 1349 2915 foret
1399 2852 1604 2924 aliter,

234 2965 308 3007 ac
348 2944 391 3008 fi
437 2945 876 3034 argumentari
925 2945 1141 3021 velles,
1180 2945 1385 3021 vide0,
1428 2945 1607 3034 quod

1362 3040 1607 3103 animal
