2080 3424
470 246 600 311 154
810 225 965 314 Cap.
1003 227 1056 292 I.
1097 225 1200 288 De
1226 224 1485 313 ‘Infinito

465 359 832 425 stinctiones
866 361 1171 426 omnium
1215 362 1614 451 reliquarum
1661 360 1824 426 deli-

463 455 723 532 tiarum,
747 457 810 520 &
839 454 1041 545 ipsam
1070 471 1352 519 mortem
1388 457 1673 545 cupiant.
1723 457 1826 520 Sic

463 549 780 626 videmuS,
822 551 999 638 quod
1044 547 1190 639 ipsae
1242 549 1472 614 delitiae
1525 550 1828 614 humanae

387 703 390 706 ,
463 665 597 706 non
662 659 1027 732 repugnent
1091 645 1201 732 ipfi
1262 645 1440 708 finali
1496 645 1826 733 primario,

461 752 779 824 quatenus
814 761 1039 802 omnes
1074 739 1229 802 fines
1270 735 1629 802 secundarii
1670 739 1829 803 illuc

463 832 752 895 tendant.
823 833 1139 895 Videmus
1174 833 1391 908 etiam,
1419 833 1593 920 quod
1631 855 1830 896 omne

464 922 833 989 delitiosum
858 927 1148 990 naturale
1170 922 1364 989 semel
1389 927 1727 1015 inceptum
1747 948 1829 989 ex

466 1017 583 1083 usu
611 1021 675 1084 <Sc
701 1021 1012 1084 exercitio
1039 1043 1151 1108 per
1184 1017 1246 1083 se
1281 1035 1592 1109 augeatur
1623 1021 1830 1108 magis

463 1116 527 1177 ὅτ,
549 1115 755 1201 magis
774 1115 1257 1179 &incrementa
1279 1137 1445 1178 nova
1466 1114 1696 1203 capiat,
1718 1136 1832 1202 per

463 1204 526 1270 se
554 1206 632 1270 ad
665 1205 1004 1272 summum
1040 1208 1273 1281 veniat,
1301 1231 1414 1297 per
1446 1206 1508 1271 se
1542 1208 1689 1271 dein
1726 1209 1831 1270 de-

465 1297 724 1364 scendat
751 1305 814 1367 &
842 1302 951 1366 fiat
979 1303 1195 1366 minus
1220 1305 1283 1367 δε
1310 1303 1547 1378 minus,
1573 1302 1732 1366 adeo
1760 1317 1833 1365 ut

463 1392 666 1484 ipsam
700 1392 763 1458 se
798 1394 1178 1472 consumat;
1231 1396 1297 1460 in
1343 1396 1662 1485 aliquibus
1694 1410 1833 1459 tan-

464 1506 610 1552 tum
657 1488 767 1566 est,
817 1507 887 1554 ut
932 1513 1064 1554 non
1112 1490 1311 1554 modo
1357 1488 1419 1554 se
1463 1488 1830 1568 consumat,

465 1581 571 1646 sed
599 1583 794 1647 etiam
821 1599 1036 1649 totum
1067 1585 1334 1648 illorum
1367 1607 1619 1674 corpus,
1648 1599 1830 1648 ante-

466 1701 667 1766 quam
693 1677 771 1742 ad
793 1677 1131 1743 summum
1159 1681 1519 1768 pervenerit
1543 1707 1556 1744 :
1593 1676 1700 1742 sed
1723 1677 1834 1741 de-

465 1769 754 1835 litiosum
789 1772 952 1837 illud
987 1773 1066 1837 ad
1110 1773 1302 1837 finale
1346 1772 1646 1836 divinum
1689 1786 1833 1835 ten-

466 1866 620 1929 dens
655 1863 838 1930 suam
874 1867 1143 1956 quidem
1186 1867 1508 1955 originem
1543 1889 1698 1929 cum
1733 1888 1833 1929 ra-

465 1960 666 2034 tione,
691 1958 802 2023 sua
829 1976 1201 2050 augmenta,
1227 1958 1369 2023 suos
1397 1959 1654 2048 gradus,
1677 1983 1833 2048 qua-

467 2069 655 2116 tenus
676 2053 854 2117 estin
880 2057 1164 2144 partibus
1191 2054 1410 2131 finitis,
1437 2053 1628 2117 habet
1657 2080 1672 2130 ;
1725 2051 1833 2117 sed

465 2162 687 2211 tamen
724 2148 1043 2226 videmuS,
1069 2148 1244 2236 quod
1272 2147 1434 2210 illud
1461 2145 1832 2211 delitiosum

467 2263 599 2303 non
636 2265 670 2304 a
703 2231 965 2305 summd
1000 2241 1204 2330 gradu
1232 2239 1572 2304 descendat
1599 2242 1676 2305 ad
1704 2243 1832 2305 mi-

469 2356 589 2397 nus
610 2337 674 2400 &
696 2336 937 2410 minUS‚
963 2337 1123 2398 dum
1147 2333 1504 2413 evanescat,
1530 2334 1634 2398 sed
1656 2335 1834 2424 quod

468 2426 719 2517 semper
767 2429 987 2493 tendat
1043 2429 1118 2493 ad
1186 2427 1400 2518 ipsum
1465 2429 1834 2518 perfectiffi-

470 2545 683 2602 mum,
715 2525 779 2588 δε
806 2522 934 2586 hoc
965 2521 1164 2612 usque
1192 2522 1270 2586 ad
1297 2539 1601 2602 mortem,
1630 2546 1834 2612 quan-

468 2616 552 2679 do
603 2616 1134 2704 perfectiffimum
1189 2616 1309 2681 effe
1364 2618 1575 2696 debet,
1631 2640 1834 2706 quan-

469 2725 616 2773 tum
642 2710 868 2798 poffit3
912 2711 996 2774 fic
1025 2711 1101 2774 ad
1128 2709 1468 2775 summum
1495 2710 1684 2775 suum
1714 2709 1836 2774 fer-

470 2819 577 2867 tur
598 2805 673 2867 ad
699 2804 899 2868 finem
920 2805 1083 2869 vitae.
1150 2806 1504 2868 Sciendum
1527 2804 1636 2884 est,
1661 2804 1838 2894 quod

469 2896 616 2961 heic
645 2920 776 2962 non
812 2897 1143 2963 instituere
1177 2899 1408 2988 poffim
1445 2899 1624 2962 illam
1658 2921 1835 2987 quae-.

1686 2992 1838 3055 stio-
