2080 3424
510 224 602 308 64
861 225 1013 314 Cap.
1054 226 1108 290 I.
1147 224 1251 288 De
1290 225 1534 312 Infinito

507 357 623 423 sub
677 382 810 448 quo
868 375 1173 448 apparent
1238 357 1531 448 spinther
1596 363 1880 452 pupillae,

508 453 681 518 fibrae
714 454 984 531 ciliareS‚
1023 457 1087 518 ὅς
1123 455 1382 519 illarum
1418 456 1880 545 ligamentum,

509 547 791 611 circulus
836 545 1169 611 arteriosus
1213 552 1277 613 &
1324 549 1617 628 venosuS,
1654 550 1883 616 ductus

508 642 706 705 etiam
758 640 930 729 nigri
976 638 1397 706 observantur
1431 643 1602 707 inter
1633 667 1883 733 proces-

507 732 608 800 sus
647 738 711 800 ὅε
745 735 1182 825 ligamentum
1217 736 1469 803 ciliare·
1521 761 1716 826 porro
1737 738 1883 844 jam

509 827 901 892 observanda
967 830 1144 892 venit
1202 832 1430 908 retina,
1491 829 1601 896 seu
1662 834 1883 897 tunica

510 924 882 1001 tenerrima,
913 923 1216 1001 albicans,
1247 882 1430 1011 quasi
1459 924 1741 1004 mucosa,
1769 927 1884 991 ubi

509 1018 820 1106 primario
864 1015 1032 1081 visus
1080 1018 1292 1082 omnis
1327 1016 1436 1082 seu
1473 1042 1714 1108 organa
1747 1021 1883 1109 ejus

510 1108 573 1174 se
618 1126 1044 1175 concentrant
1092 1112 1194 1176 vel
1243 1135 1320 1175 eo
1355 1110 1666 1201 spectant,
1704 1130 1776 1179 ut
1810 1115 1883 1178 il-

511 1206 619 1269 luc
661 1205 897 1294 poffint
942 1204 1149 1269 radios
1195 1229 1458 1294 vergere
1505 1211 1568 1273 &
1610 1207 1879 1287 deferre,

512 1303 576 1365 &
610 1299 757 1363 dein
809 1322 922 1388 per
959 1322 1235 1362 nervum
1271 1301 1566 1389 opticum
1602 1302 1882 1391 amplius

509 1391 723 1457 versus
772 1409 977 1482 partes
1027 1394 1370 1458 anteriores
1434 1398 1498 1461 &
1548 1395 1882 1461 interiores

510 1488 756 1552 cerebri
791 1486 1064 1556 auferre.
1104 1488 1275 1551 unde
1310 1489 1504 1553 etiam
1539 1490 1744 1554 retina
1779 1513 1882 1580 ap-

510 1597 689 1671 paret
770 1597 1085 1670 tanquam
1166 1585 1448 1671 receptio
1523 1582 1878 1663 radiorum,

511 1698 666 1739 nam
715 1674 806 1739 est
857 1676 1158 1763 expansio
1217 1677 1397 1741 nervi
1455 1678 1673 1766 optici.
1778 1681 1879 1743 Ex

510 1770 747 1858 quibus
796 1771 1102 1835 omnibus
1160 1772 1487 1859 percipere
1547 1771 1696 1835 licet
1746 1795 1880 1836 me-

511 1862 929 1927 chanismum
987 1865 1379 1953 peculiarem
1432 1864 1880 1932 mechanismo

511 1973 817 2022 motuum
874 1958 941 2021 in
994 1959 1321 2046 particulis
1369 1957 1656 2023 aethereis
1710 1960 1879 2023 fimi-

510 2052 667 2129 lem,
703 2052 938 2141 pariter
982 2052 1287 2116 omnium
1340 2053 1625 2140 partium
1677 2054 1879 2118 admi-

511 2146 780 2209 randam
816 2145 1258 2224 harmoniam,
1297 2161 1370 2209 ut
1402 2169 1627 2210 omnes
1663 2164 1879 2212 motus

512 2240 755 2327 recepti
790 2241 958 2303 varie
1008 2256 1512 2303 concentrentur
1547 2241 1647 2305 vel
1682 2242 1879 2306 dedu-

510 2349 739 2398 cantur
762 2331 964 2421 usque
995 2334 1061 2397 in
1097 2333 1400 2412 retinam,
1424 2357 1565 2422 quae
1599 2333 1660 2398 se
1694 2333 1882 2425 super

512 2451 740 2491 nervos
789 2430 1033 2516 opticos
1084 2428 1416 2516 expandit,
1454 2430 1569 2516 qui
1619 2452 1730 2518 per
1779 2453 1879 2494 ce-

512 2522 776 2585 rebrum
838 2519 1048 2585 versus
1102 2520 1302 2610 ipsam
1356 2523 1708 2587 medullam
1766 2524 1878 2588 ob-

509 2617 843 2705 longatam
896 2630 1198 2705 pergunt,
1252 2619 1316 2681 &
1365 2614 1427 2680 se
1475 2617 1567 2680 ibi
1617 2619 1878 2682 immer-

511 2725 704 2799 gunt,
731 2709 842 2773 ubi
864 2710 1112 2797 reliqua
1137 2710 1219 2773 fic
1242 2707 1456 2774 sensus
1492 2711 1736 2776 nostros
1771 2711 1877 2775 fu-

511 2805 722 2894 giunt.
823 2806 1052 2891 thue
1087 2804 1312 2868 oculus
1348 2820 1660 2893 tanquam
1695 2829 1877 2895 orga-

510 2921 643 2963 non
677 2921 834 2963 cum
867 2895 991 2962 suis
1023 2899 1360 2986 partibus
1344 2922 1411 2963 1n
1447 2901 1566 2964 fitu
1601 2901 1879 2965 naturali

1813 2998 1876 3058 ὃν,
