2080 3424
471 257 541 322 &³
572 257 754 344 causa
763 254 966 341 finali
992 253 1336 319 creationis.
1502 251 1536 317 8
1551 275 1584 339 3

151 384 153 386 ¹
222 390 357 458 sam
380 391 568 470 finiti,
591 394 655 456 ὅτ,
682 393 908 456 Deum
935 390 1274 453 infinitum
1296 387 1415 451 effe
1437 410 1589 451 con-

222 488 501 550 ditorem
547 485 864 561 univerfi3
917 484 1153 548 ultimo
1193 483 1339 546 loco
1386 483 1587 560 venit,

222 580 375 668 quia
415 594 671 643 emanat
710 579 947 667 partim
983 600 1064 640 ex
1110 574 1172 640 se
1217 593 1330 639 aut
1374 576 1591 639 anima

220 673 533 747 humana,
555 674 791 762 partim
807 695 887 735 ex
910 669 1315 760 supradietis:
1360 667 1451 732 est
1476 666 1590 732 sci-

1679 650 1813 711 Qod
1836 659 1904 695 ta-

1614 719 1723 762 citus
1747 721 1842 763 ani-

218 767 371 832 licet
404 767 634 830 tacitus
668 763 1010 830 consensus
1052 780 1163 829 aut
1211 764 1404 827 tacita
1437 786 1589 827 con·
1613 800 1783 830 marum
1819 801 1908 832 con-

219 861 420 925 clufio
442 861 694 939 animae,
719 859 840 924 effe
865 861 1114 937 Deum,
1131 864 1194 926 &
1223 861 1446 922 Deum
1470 852 1845 920 effefi'nsusstt’

1613 919 1713 965 dari
1739 920 1889 965 Deum

219 954 593 1020 infinitum:
647 955 775 1018 hoc
824 953 1072 1032 dietari,
1109 955 1403 1041 inquam,
1439 975 1584 1041 par-
1611 986 1839 1048 infinitum.

218 1049 340 1112 tim
375 1049 453 1112 ab
488 1049 705 1112 anima
737 1047 957 1124 libera,
994 1048 1226 1135 partim
1262 1047 1339 1111 ab
1375 1048 1591 1110 anima

218 1166 299 1206 ex
352 1141 683 1207 effeffibus
735 1142 1160 1206 diverfiffimis
1212 1140 1445 1204 mundi
1490 1141 1591 1204 in-

219 1238 455 1301 strueta
480 1240 543 1302 <Sc
570 1237 745 1325 quasi
771 1235 1131 1311 admonita3
1185 1234 1274 1298 est
1303 1258 1435 1298 non
1463 1234 1591 1299 dis-

221 1331 429 1394 fimile
449 1331 684 1395 rationi
718 1331 787 1394 in
815 1332 1052 1408 anima,
1077 1353 1220 1418 quae
1242 1331 1420 1394 venit
1452 1352 1589 1418 par-

220 1425 342 1487 tim
388 1425 465 1488 ab
513 1425 729 1489 anima
772 1425 1010 1513 partim
1062 1448 1096 1488 a
1149 1446 1440 1512 corpore,
1482 1421 1590 1487 sed

219 1516 540 1583 nescimus
592 1521 765 1584 unde
820 1518 1023 1596 venit,
1073 1518 1219 1607 quia
1269 1515 1588 1582 nescimus

221 1613 451 1677 animae
474 1612 709 1676 statum
739 1639 755 1689 ;
810 1634 931 1676 nec
952 1612 1252 1676 diffimile
1279 1611 1368 1675 est
1396 1613 1588 1676 aetio-

219 1707 408 1770 nibus
444 1706 894 1771 involuntariis
927 1709 991 1771 &
1025 1706 1315 1770 connatis
1350 1707 1416 1770 in
1451 1729 1588 1769 cor-

217 1823 394 1889 pore,
431 1824 574 1889 quae
619 1801 795 1889 quafi
847 1798 1072 1889 sponte
1122 1801 1339 1864 fluunt
1390 1798 1588 1863 nesci-

218 1910 367 1958 ente
399 1895 577 1984 quafi
613 1917 905 1983 corpore,
944 1910 1015 1958 ut
1061 1894 1395 1957 innumeri
1439 1917 1587 1958 mo-

217 2004 318 2052 tus
353 1989 588 2052 interni
622 1989 929 2078 corporis,
968 1986 1300 2062 sensuum,
1331 1986 1588 2053 muscu-

218 2082 457 2160 lorum,
503 2084 732 2161 cordiS‚
782 2082 1157 2159 fluidorum,
1198 2086 1262 2148 δε
1307 2083 1580 2146 emiffio-

217 2199 326 2240 nes
347 2174 687 2241 causarum
710 2177 1158 2254 efficientium,
1184 2191 1255 2240 ut
1283 2199 1587 2240 movean-

217 2286 322 2334 tur
355 2268 638 2335 musculi
683 2270 762 2335 ad
811 2271 1153 2335 arbitrium
1205 2272 1436 2334 animae
1487 2273 1586 2335 vel

214 2362 393 2427 faetae
415 2365 871 2442 conclufionis;
903 2365 1038 2429 haec
1065 2368 1129 2431 δε
1152 2365 1405 2439 fimilia,
1435 2367 1589 2454 quia

218 2456 418 2522 nescit
455 2481 708 2548 corpuS,
733 2461 907 2523 unde
942 2459 1233 2536 veniunt,
1260 2463 1324 2525 &
1359 2483 1524 2524 num
1554 2484 1588 2523 a

220 2551 501 2639 quadam
551 2550 740 2617 causa
773 2552 1291 2617 determinantur
1341 2555 1408 2617 in
1451 2577 1589 2618 mo-

219 2661 385 2721 tum,
408 2647 560 2735 quia
589 2643 803 2711 sensus
828 2663 1087 2711 motum
1115 2647 1337 2711 vident
1361 2651 1426 2713 ὅτ,
1452 2671 1590 2737 per-

219 2760 455 2802 ennem
489 2767 504 2816 ;
558 2740 712 2804 hinc
748 2758 1060 2830 tanquam
1102 2740 1328 2831 sponte
1365 2747 1425 2806 &
1461 2744 1590 2805 fine

220 2833 502 2920 corporis
529 2835 703 2922 quafi
727 2837 1219 2924 participatione
1250 2852 1585 2898 emanant:

222 2922 371 2989 sunt
406 2927 602 2990 etiam
629 2928 750 2991 alia
786 2929 1156 3004 innumera,
1181 2952 1467 3018 quorum
1503 2927 1591 2991 ef-

970 3023 1023 3085 F
1066 3044 1101 3086 2
1388 3021 1591 3087 fenus
