2080 3424
456 289 526 353 ἔθ’
558 289 743 375 causa
753 288 955 376 finali
982 286 1324 353 creationis.
1486 310 1570 375 49

201 423 539 514 sequenter
569 424 783 513 primo
819 423 984 488 nihil
1026 422 1218 487 ineffe
1251 424 1573 512 potuisset,

200 520 377 608 quod
426 540 560 582 non
609 516 1145 607 perfeetiffimum
1196 517 1367 595 effet,
1420 521 1574 606 quia

201 613 278 676 ab
312 611 573 677 infinito
610 611 776 676 nihil
822 609 1184 700 imperfeeti
1220 611 1396 674 exire
1428 627 1575 699 pot-

200 704 291 769 est
314 732 329 781 ;
383 706 427 770 fi
451 707 668 794 itaque
693 704 1249 795 perfeetiffimum,
1274 729 1407 793 quo
1434 728 1572 794 per-

200 798 426 863 feetius
492 799 628 863 dari
693 801 945 888 nequit,
1014 797 1325 887 sequitur,
1393 798 1572 888 quod

199 894 422 957 omnia
464 893 658 957 ineffe
691 892 1049 957 debuiffent
1083 893 1392 981 potentia,
1429 917 1572 981 quae

201 985 405 1076 usque
427 990 572 1052 λᾶι]
603 988 752 1052 inde
779 980 1146 1064 existerent,
1171 988 1344 1051 unde
1373 988 1571 1051 etiam

199 1081 646 1146 inducendum
674 1083 876 1160 venit,
907 1082 1085 1170 quod
1121 1104 1388 1171 quoque
1423 1105 1571 1145 cau-

198 1173 275 1239 sae
302 1174 748 1240 inexstitiffent
774 1190 910 1240 tam
939 1174 1333 1241 mechanicae
1367 1199 1570 1264 quam

199 1267 474 1358 phyficae
514 1270 844 1334 mundum
880 1266 1220 1333 succeffive
1253 1270 1570 1359 perfeetu-

200 1387 302 1427 rae.
408 1367 508 1428 Ex
551 1363 648 1428 his
682 1379 902 1428 tamen
939 1365 1326 1452 neutiquam
1362 1362 1569 1453 sequi-

200 1473 307 1521 tur
342 1456 546 1523 fatalis
590 1459 897 1522 omnium
941 1454 1170 1533 series;
1225 1481 1345 1522 nec
1390 1459 1565 1546 quod

202 1554 383 1616 Deus
420 1554 494 1617 fit
527 1553 595 1616 in
630 1549 816 1617 causa
862 1550 1225 1640 imperfeffifi
1273 1552 1567 1639 alicujus,

198 1647 377 1735 quod
411 1648 478 1710 in
514 1646 765 1710 mundo
800 1648 863 1710 δε
912 1645 978 1708 in
1013 1643 1286 1710 homine
1321 1647 1569 1711 ratione

200 1740 358 1804 mali
407 1739 677 1805 existere
727 1755 1048 1828 coeperat3
1117 1740 1242 1804 tale
1291 1741 1568 1804 omnino

200 1832 546 1923 agnoscere
573 1833 763 1898 debet
797 1831 1058 1898 causam
1093 1835 1160 1897 in
1197 1834 1403 1910 finito,
1434 1857 1567 1898 non

199 1928 267 1992 in
316 1929 621 1994 Infinito:
680 1951 832 1992 nam
887 1928 930 1991 fi
981 1927 1395 2016 primitivum
1448 1929 1569 1992 im-

199 2022 479 2088 mediate
524 2023 602 2088 ab
641 2023 912 2086 Infinito
945 2037 1167 2086 ortum
1201 2020 1396 2086 fuerit
1430 2045 1568 2110 per-

197 2114 647 2197 fefflisfimum,
678 2119 743 2182 ὅτ,
769 2116 1017 2204 reliqua
1041 2116 1266 2179 ordine
1293 2115 1568 2179 existen-

199 2211 286 2275 tia
331 2213 549 2276 minus
597 2215 662 2278 δε
709 2211 923 2274 minus
972 2208 1270 2299 perfedta,
1309 2211 1568 2299 fignum

198 2304 454 2370 evidens
516 2304 630 2384 est,
689 2303 868 2394 quod
918 2303 1054 2368 haec
1104 2319 1324 2368 ortum
1375 2303 1567 2369 suum

197 2395 535 2464 succeffive
596 2402 661 2465 δι
718 2397 1095 2462 immediate
1157 2400 1470 2463 traxerint
1536 2424 1570 2463 a

200 2492 419 2571 finitis,
477 2517 512 2558 a
563 2492 800 2583 quibus
870 2489 1210 2557 successive
1268 2492 1569 2583 imperfe-

201 2587 399 2651 &iora
425 2588 693 2652 existere
720 2584 977 2676 poffunt
1007 2613 1022 2663 ;
1076 2587 1333 2676 fignum
1368 2589 1567 2652 etiam

202 2679 312 2757 est,
366 2682 540 2769 quod
592 2682 655 2747 in
716 2682 1123 2769 reliquorum
1191 2698 1383 2770 prout
1448 2682 1568 2745 im-

200 2772 661 2863 perfedtiorum
708 2790 855 2839 ortu
901 2774 1096 2839 fuerit
1142 2775 1388 2863 aliquid
1436 2799 1569 2839 ma-

200 2868 298 2955 gis
330 2871 395 2933 δε
429 2870 633 2957 magis
669 2869 980 2946 naturale,
1019 2865 1128 2932 seu
1166 2885 1570 2934 tantummo-

201 2960 284 3025 do
334 2963 611 3027 mediate
665 2978 775 3027 aut
822 2963 1149 3027 mediante
1199 2978 1427 3027 natura
1480 2963 1571 3026 di-

855 3058 918 3121 D
1301 3057 1571 3134 vinum3
