2080 3424
214 657 266 700 N
269 672 338 700 um
347 659 434 701 ani-

143 740 212 767 ma
236 723 393 784 regulis

130 792 193 851 stt
215 792 363 849 adstri-

141 863 208 902 εἶα
221 861 247 901 ,Ρ

468 230 593 294 166
729 231 879 318 Cap.
920 229 1016 292 II.
1053 228 1160 293 De
1190 227 1572 314 mechanffmo

458 365 547 429 est
582 367 798 431 anima
832 365 952 429 effe
996 365 1273 439 infinita,
1307 365 1463 453 quia
1509 386 1641 428 non
1686 377 1826 452 pot-

457 458 546 522 est
579 458 699 524 effe
737 462 953 537 Deus;
1006 481 1161 547 ergo
1195 457 1285 522 est
1318 460 1520 523 finita.

553 647 885 735 Qaeritur
910 648 1170 724 iterum,
1195 647 1238 710 fi
1263 646 1444 710 finita
1477 646 1551 710 fit
1577 648 1640 711 ὅτι
1672 667 1825 709 con-

455 737 797 828 sequenter
830 742 908 804 ab
954 742 1213 805 infinito
1259 756 1489 816 creata,
1526 762 1687 803 num
1732 762 1826 802 re-

455 834 624 923 gulis
659 835 908 899 addicta
935 835 1030 912 fit,
1054 835 1157 898 vel
1185 857 1347 899 num
1376 835 1450 898 fit
1474 834 1826 922 fine-regu·
1866 870 1869 871 ν

453 930 548 1004 lis,
586 928 744 992 adeo
781 944 853 992 ut
888 929 960 992 fit
1005 951 1114 992 ens
1147 930 1437 1016 primum
1473 928 1602 991 fine
1637 950 1824 1017 regu-

453 1022 549 1098 lis,
577 1019 684 1084 sed
717 1046 860 1111 quae
894 1024 977 1086 fic
1010 1022 1262 1110 regulas
1296 1045 1375 1086 ex
1403 1021 1468 1084 vi
1503 1021 1722 1085 innata
1757 1024 1821 1086 &

453 1115 777 1180 activitate
812 1114 923 1180 sua
957 1115 1104 1179 dare
1138 1116 1325 1204 poffit
1359 1115 1546 1180 rebus
1582 1111 1823 1179 succes-

452 1210 593 1274 s1vis
626 1212 689 1274 &
721 1211 1163 1275 craffioribus?
1215 1211 1408 1286 Dico,
1437 1209 1637 1298 quod,
1674 1209 1717 1273 fi
1754 1209 1823 1273 fi-

452 1304 586 1366 nita
621 1304 716 1381 fit,
742 1327 872 1369 non
900 1304 1088 1392 poffit
1116 1302 1235 1367 effe
1270 1304 1508 1392 absque
1543 1303 1821 1392 regulis;

452 1397 714 1461 finitum
751 1400 880 1463 fine
908 1398 1085 1486 quali
1113 1421 1243 1461 non
1271 1400 1480 1475 datur,
1502 1395 1633 1486 ipsa
1665 1419 1823 1485 qua-

449 1491 590 1555 litas
658 1492 975 1581 dependet
1051 1508 1368 1580 tanquam
1433 1492 1822 1556 attributum

449 1584 851 1650 indivulsum
878 1585 955 1650 ab
982 1586 1168 1650 omni
1191 1585 1378 1649 finito
1401 1612 1416 1662 ;
1469 1609 1677 1674 quum
1709 1585 1823 1649 ali-

450 1679 609 1766 quid
634 1679 899 1744 finitum
924 1679 1173 1744 factum
1209 1680 1304 1757 fit,
1334 1679 1522 1743 debet
1556 1679 1819 1744 finitum

449 1771 569 1836 effe
604 1775 726 1838 tale
762 1775 862 1838 vel
899 1797 1030 1838 non
1066 1775 1212 1850 tale,
1249 1773 1437 1837 debet
1482 1773 1616 1861 ejus
1661 1796 1818 1861 qua-

448 1868 589 1931 litas
636 1869 833 1932 etiam
886 1869 1005 1932 effe
1056 1869 1259 1943 finita,
1308 1869 1467 1932 adeo
1522 1881 1593 1931 ut
1642 1883 1819 1931 certo

449 1961 648 2024 modo
681 1961 864 2027 finita
908 1978 1019 2026 aut
1064 1963 1249 2026 certis
1287 1961 1526 2050 regulis
1561 1961 1820 2048 alligata

449 2054 553 2117 fit:
593 2056 857 2120 finitum
875 2057 1004 2120 fine
1018 2055 1326 2143 qualitate
1341 2054 1430 2118 est
1445 2055 1779 2119 infinitum
1800 2082 1815 2130 3

447 2148 718 2234 qualitas
775 2172 907 2213 non
965 2149 1171 2238 potest
1210 2149 1330 2212 effe
1380 2150 1509 2213 fine
1562 2149 1819 2237 reguliS,

447 2241 576 2305 fine
611 2240 982 2306 discrimine
1017 2242 1095 2307 ab
1138 2242 1261 2306 alio
1295 2243 1496 2330 quali,
1534 2243 1664 2307 fine
1699 2241 1818 2307 dif-

447 2333 740 2411 ferentia,
778 2337 908 2400 fine
943 2336 1141 2400 modo
1176 2337 1354 2424 quod
1390 2337 1498 2414 ita,
1536 2359 1668 2400 non
1705 2339 1817 2401 ali-

447 2443 544 2492 ter
576 2431 706 2518 pati
734 2446 843 2494 aut
870 2453 1058 2518 agere
1085 2430 1292 2519 poffit‚
1329 2433 1391 2494 &
1425 2430 1579 2519 quia
1611 2427 1817 2519 subje-

447 2525 631 2586 ctum
696 2522 787 2586 est
853 2525 1141 2598 finitum,
1202 2525 1536 2613 praedicata
1595 2527 1816 2589 omnia

446 2615 915 2705 consequenter
936 2631 1127 2681 erunt
1149 2618 1359 2695 finita3
1397 2622 1461 2684 &c
1484 2619 1527 2682 fi
1552 2618 1814 2683 finitum

446 2708 738 2798 agnoscit
772 2711 1018 2788 modOS,
1042 2709 1191 2775 sunt
1225 2713 1300 2776 ad
1330 2713 1687 2776 minimum
1722 2735 1815 2777 re-

445 2804 635 2893 gulae,
658 2828 770 2893 per
797 2828 951 2894 quas
977 2805 1080 2870 vel
1107 2802 1467 2870 secundum
1494 2829 1649 2894 quas
1677 2829 1815 2871 mo-

445 2898 511 2961 di
567 2897 1017 2988 agnoscantur,
1069 2899 1227 2963 adeo
1278 2914 1351 2964 ut
1400 2923 1811 2990 nequaquam

1623 2996 1815 3082 posfit
