2080 3424
346 280 701 372 operationis
732 281 949 345 animae
986 281 1056 346 ὃ
1089 280 1370 371 corporis.
1483 303 1505 345 1
1523 302 1608 370 97

248 419 436 482 tiores
470 417 654 481 altius
700 432 1210 505 penetraverant,
1247 419 1311 482 Sc
1347 415 1611 480 detexe-

250 527 391 575 rant
424 534 556 575 non
597 509 795 573 modo
840 527 1059 574 ortum
1103 511 1236 598 ejus
1283 509 1359 574 ab
1396 510 1613 574 undu-

246 606 484 669 latione
541 604 722 682 aeriS,
775 601 882 667 sed
933 606 1130 668 etiam
1179 601 1612 668 instrumenta

251 697 625 762 mechanice
652 697 772 761 effe
804 696 1082 761 formata
1117 698 1614 762 undulationem

248 792 621 881 recipientia
649 795 712 857 δε
737 791 915 856 illam
937 792 1203 856 interius
1226 791 1612 868 deferentia3

247 887 632 950 recentiores
654 884 869 950 adhuc
890 886 1273 951 oculatiores
1297 886 1447 950 facti
1469 884 1617 950 sunt

246 1002 359 1068 per
391 977 501 1043 sua
535 977 956 1069 microscopia
984 985 1044 1044 ὅς
1071 980 1445 1044 detexerant
1471 1003 1614 1068 par-

247 1091 338 1137 tes
395 1073 711 1162 prioribus
770 1074 1231 1163 ignotiffimas;
1305 1076 1616 1138 acutiores

248 1165 620 1260 philosophi
645 1184 1112 1257 compererant,
1137 1169 1434 1232 auditum
1463 1170 1615 1232 nul-

249 1262 391 1324 lum
425 1262 545 1325 effe
579 1284 698 1325 nec
730 1258 943 1325 visum
989 1278 1340 1351 antequam
1385 1286 1613 1351 perve-

251 1355 415 1419 niret
468 1355 546 1418 ad
599 1356 926 1436 interiora,
982 1359 1045 1422 &c
1099 1373 1448 1445 antequam
1503 1356 1616 1445 ipfi

248 1446 463 1513 sensus
486 1450 775 1512 animam
810 1450 876 1512 in
910 1448 1311 1514 consortium
1347 1473 1617 1514 vocave-

250 1542 401 1607 rint.
488 1543 590 1606 Sic
623 1539 854 1607 senfim
891 1548 955 1610 ὃς
981 1542 1206 1607 senfim
1237 1544 1504 1608 adaucta
1531 1544 1618 1608 est

251 1635 563 1702 doctrina.
654 1638 737 1700 Et
771 1639 1086 1726 quoniam
1121 1638 1291 1702 orbis
1325 1639 1614 1703 eruditus

251 1731 564 1794 continuo
608 1730 855 1795 laborat
897 1732 963 1795 in
1012 1733 1385 1820 detegendis
1427 1747 1617 1796 natu-

251 1824 488 1888 ralibus
538 1847 652 1914 per
698 1826 1162 1914 experimenta,
1215 1849 1348 1891 non
1398 1824 1620 1914 despe-

253 1917 531 1982 randum
567 1916 681 1994 est,
719 1921 879 2006 quin
918 1921 1182 1984 ulterius
1215 1922 1617 2009 perveniant,

250 2013 314 2077 &
340 2012 603 2076 tandem
629 2009 830 2101 usque
854 2015 930 2077 ad
954 2015 1266 2092 animam,
1293 2030 1363 2078 ut
1386 2013 1462 2078 de
1488 2014 1620 2102 ejus

252 2108 624 2193 operatione
669 2107 1049 2172 mechanica
1093 2108 1330 2196 poffint
1363 2107 1620 2196 judica-

251 2221 338 2263 re.
395 2201 658 2288 Qum
643 2216 859 2290 ltaque
882 2200 1158 2266 scientiae
1180 2203 1368 2266 altius
1390 2204 1452 2266 &
1474 2202 1619 2266 alti-

254 2314 323 2356 us
347 2293 411 2356 in
436 2310 733 2358 naturam
756 2297 1083 2360 occultam
1105 2295 1203 2360 se
1188 2312 1616 2385 1mmergunt‚

252 2388 317 2451 ὅτ,
341 2383 570 2451 senfim
597 2388 910 2478 detegunt
943 2391 1438 2455 fimilitudinem
1472 2388 1621 2454 sub-

254 2479 478 2544 tilioris
523 2483 754 2546 mundi
802 2506 956 2548 cum
1007 2485 1308 2563 craffiori,
1352 2484 1619 2549 creden-

255 2573 415 2636 dum
450 2574 562 2655 est,
598 2577 771 2664 quod
816 2578 1011 2642 etiam
1047 2602 1125 2642 eo
1159 2577 1364 2667 usque
1396 2602 1618 2667 perve-

257 2667 475 2730 niant:
528 2691 724 2756 quare
769 2694 901 2735 non
938 2671 1129 2735 hodie
1164 2673 1320 2736 illuc
1354 2674 1620 2736 eamus?

255 2762 319 2825 &
354 2760 494 2824 illos
526 2765 1013 2850 praeveniamus,
1053 2789 1132 2829 ne
1168 2766 1262 2830 illi
1298 2789 1410 2829 nos
1445 2766 1616 2829 ludi-

256 2853 397 2917 brio
431 2853 731 2935 habeant,
767 2874 959 2946 prout
1005 2882 1118 2923 nos
1153 2859 1345 2923 hodie
1380 2875 1619 2923 veteres

255 2947 569 3035 quosdam
602 2948 1038 3040 philosophos

864 3044 931 3107 N
972 3067 1004 3132 3
1458 3045 1617 3110 Non
