2080 3424
476 235 547 300 ἔθ’
578 237 762 320 caustz
771 234 975 322 finali
998 234 1344 299 creationis.
1500 257 1579 324 71

226 367 400 457 quod
434 369 596 433 cutis
629 391 710 433 ex
738 369 1098 433 innumeris
1132 368 1456 457 glandulis
1483 370 1590 434 fla-

224 459 620 526 vescentibus
675 462 960 539 constet3
1034 462 1212 550 quod
1269 463 1592 550 glandulae

224 556 343 619 fint
382 557 576 634 flavae,
613 558 886 645 exiguae‚
929 553 1369 632 ceruminosae,
1412 558 1591 645 quod

222 672 531 714 cerumen
568 651 641 715 fit
674 649 940 727 flavum,
978 651 1384 738 aliquatenus
1419 673 1590 715 ama-

223 765 398 819 rum;
436 745 612 833 quod
636 745 757 808 fint
784 744 922 834 pili,
947 747 1011 810 &
1034 745 1219 832 plura
1245 745 1388 809 alia.
1469 745 1592 809 Sed

222 839 555 903 veniamus
619 839 695 902 ad
762 838 1214 902 membranam
1271 841 1589 927 tympani,

222 955 419 1019 quam
462 931 678 996 videre
729 932 880 996 licet
926 955 1055 996 non
1108 932 1298 1021 plene
1351 955 1591 1021 expan-

222 1025 356 1089 sam
401 1023 503 1089 sed
548 1049 937 1106 convexam,
980 1049 1114 1090 non
1161 1027 1591 1115 perpendicu-

220 1119 422 1183 larem
458 1117 564 1184 sed
597 1120 962 1209 obliquam,
999 1143 1132 1185 non
1167 1118 1371 1185 solam
1406 1123 1471 1186 δε
1511 1121 1591 1185 Ιί-

222 1213 442 1277 beram
476 1211 584 1278 sed
635 1215 871 1279 malleo
907 1215 1235 1302 junetam,
1272 1237 1406 1278 non
1454 1230 1590 1279 ten-

222 1304 354 1371 sam
390 1305 496 1371 sed
530 1310 723 1398 paulo
756 1308 996 1385 laxam,
1033 1323 1105 1372 ut
1150 1309 1234 1373 fic
1271 1306 1460 1373 sonos
1496 1333 1590 1373 ar-

221 1402 517 1466 ticulatos
569 1426 646 1466 eo
696 1403 929 1467 melius
971 1403 1278 1492 recipere,
1331 1404 1395 1467 &
1436 1403 1589 1468 dein

221 1495 489 1560 ulterius
523 1495 859 1561 transferre
892 1497 1117 1585 poffit:
1171 1495 1386 1585 ipsum
1429 1499 1590 1562 mal-

220 1589 300 1652 lei
369 1591 791 1654 manubrium
856 1590 1134 1654 adhaeret
1189 1614 1224 1654 a
1280 1587 1590 1680 superiori

221 1685 518 1773 margine
553 1681 756 1774 usque
807 1685 886 1748 ad
934 1700 1258 1760 centrum,
1295 1684 1475 1774 quod
1514 1685 1590 1750 il-

219 1777 352 1841 lam
385 1781 472 1843 ita
507 1775 811 1867 disponit,
853 1793 922 1842 ut
966 1794 1192 1867 potens
1227 1780 1290 1842 ὃς
1323 1794 1469 1867 apta
1513 1780 1589 1843 fit

219 1894 490 1936 omnem
546 1874 917 1936 varietatem
965 1873 1033 1936 in
1085 1872 1476 1937 tremoribus
1523 1876 1589 1939 ὅτ,

220 1967 388 2031 tonis
437 1967 831 2056 recipiendi3
884 1989 1047 2054 quos
1087 1964 1384 2030 distinete
1426 1967 1589 2031 reci-

218 2082 367 2148 pere
401 2083 527 2125 non
565 2059 787 2150 poffet,
815 2061 932 2125 nifi
969 2060 1394 2124 manubrium
1427 2061 1589 2125 radii

220 2170 329 2217 aut
350 2150 810 2219 semidiametri
837 2154 1040 2219 instar
1065 2155 1123 2217 ei
1149 2151 1212 2218 se
1234 2153 1547 2220 adfixiffet
1570 2182 1587 2233 ;

220 2248 304 2311 fic
349 2250 525 2312 enim
569 2249 783 2314 nullus
825 2263 1016 2313 tonus
1062 2247 1214 2312 alibi
1265 2250 1589 2315 membra-

221 2364 373 2405 nam
420 2343 768 2408 tremulam
815 2343 1018 2432 potest
1064 2341 1349 2421 reddere,
1386 2366 1589 2433 quam

221 2434 527 2501 distantiae
581 2460 616 2501 a
672 2438 1019 2502 manubrio
1072 2434 1182 2500 seu
1237 2436 1414 2501 radio
1473 2434 1590 2503 suo

222 2532 706 2610 convenienter,
766 2531 939 2595 unde
998 2546 1094 2595 tot
1150 2528 1461 2596 distantiae
1520 2533 1590 2595 in

223 2624 599 2690 membrana
644 2626 890 2689 auxilio
925 2624 1255 2689 manubrii
1299 2622 1592 2689 formatae

222 2714 541 2794 visuntur,
579 2735 741 2807 quot
774 2717 1046 2808 usquam
1080 2719 1214 2783 dari
1257 2718 1591 2784 varietates

224 2810 290 2873 in
327 2806 494 2875 sonis
526 2812 818 2901 poffunt:
875 2828 938 2878 at
971 2835 1124 2878 vero
1168 2813 1211 2876 fi
1248 2813 1424 2876 nuda
1458 2814 1591 2877 fine

224 2902 630 2970 distinetione
686 2929 800 2996 per
857 2906 1122 2995 aliquod
1179 2906 1396 2970 mallei
1448 2928 1592 2970 crus

875 3002 932 3064 E
965 3022 1010 3084 4
1426 2997 1594 3064 foret
