2080 3424
512 207 642 299 258
771 211 927 300 Cap.
967 212 1059 275 ΙΙ.
1097 210 1201 275 De
1234 209 1618 297 mechanismo

512 347 697 411 fimas
744 347 1006 411 abeunt.
1110 347 1175 410 Si
1219 347 1671 411 examinemus
1717 367 1885 408 cere-

512 441 709 505 brum
731 440 1130 519 humanum,
1152 441 1446 505 videmus
1476 439 1726 504 nullam
1751 436 1885 502 fere

513 551 764 641 partem
798 533 938 611 effe,
967 558 1108 623 quae
1143 558 1276 599 non
1312 535 1617 599 induatur
1641 535 1704 598 &
1729 533 1887 596 ami-

515 631 722 693 ciatur
788 629 1167 693 membrana
1243 652 1374 693 non
1442 627 1717 717 fimplici
1780 624 1887 690 sed

518 723 893 812 multiplici,
930 723 1225 787 videmus
1258 739 1464 812 partes
1503 743 1887 786 communes

517 818 611 881 ibi
638 818 782 882 laxe
809 817 1094 880 investiri
1127 817 1288 880 dura
1319 818 1654 905 meninge,
1681 829 1888 905 partes

519 910 734 975 adhuc
768 912 979 1001 plures
1012 912 1114 999 pia
1150 911 1461 999 meninge
1487 908 1642 974 sein
1671 909 1886 998 plicas',

519 1004 840 1070 anfra6³ms
875 1009 938 1070 δε
973 1027 1162 1093 rugas
1196 1005 1440 1068 cerebri
1480 1004 1605 1068 alte
1649 1003 1889 1067 infinu-

520 1113 692 1173 ante,
721 1123 865 1188 quae
891 1099 1031 1163 duae
1059 1100 1396 1187 meninges
1421 1096 1782 1187 sequuntur
1808 1119 1889 1160 ex

518 1194 726 1282 capite
778 1193 1135 1257 medullam
1188 1194 1352 1257 dorfi
1405 1189 1514 1256 seu
1568 1188 1785 1280 spinae‚
1828 1193 1892 1255 δε

519 1291 843 1376 obtegunt
866 1309 1114 1364 nerVOS,
1131 1286 1509 1375 ubicunque
1535 1302 1891 1349 excurrunt

520 1383 584 1446 &
606 1378 668 1444 se
696 1381 1099 1447 ramificant:
1149 1379 1256 1445 sed
1282 1397 1501 1445 tamen
1529 1377 1731 1468 usque
1761 1402 1890 1442 non

517 1475 735 1539 videre
769 1476 921 1540 licet
955 1499 1074 1540 nec
1109 1475 1177 1539 in
1214 1477 1422 1540 nervis
1464 1497 1582 1538 nec
1616 1474 1684 1537 in
1717 1472 1893 1540 fibris

520 1569 1016 1634 ramificationes
1043 1570 1303 1635 illarum
1330 1569 1450 1633 effe
1479 1569 1545 1632 in
1570 1567 1892 1632 membra-

520 1686 631 1727 nas
667 1665 994 1741 minima8‚
1031 1662 1138 1728 sed
1172 1664 1612 1752 utplurimum
1648 1661 1893 1726 exstare

519 1780 638 1847 pro
661 1758 803 1847 ipfis
825 1759 1051 1836 oculis,
1070 1774 1143 1822 ut
1165 1759 1367 1823 videri
1387 1758 1649 1847 posfint,
1665 1779 1892 1846 quam-

520 1853 612 1915 vis
654 1853 854 1917 etiam
899 1854 989 1916 ibi
1034 1853 1155 1916 fint
1200 1868 1335 1917 tam
1379 1851 1659 1927 subtiles,
1697 1867 1768 1914 ut
1803 1851 1893 1914 vi-

520 1944 666 2009 sum
704 1945 931 2035 fugere
966 1948 1297 2036 incipiant.
1384 1949 1475 2011 At
1507 1967 1661 2009 vero
1695 1944 1761 2008 in
1794 1967 1894 2007 ce-

522 2040 735 2116 rebr0,
790 2041 903 2104 ubi
956 2063 1182 2105 omnes
1230 2055 1436 2129 partes
1485 2037 1607 2103 suis
1655 2038 1892 2102 tunicis

521 2134 965 2213 obducuntur,
1019 2138 1083 2199 &
1135 2134 1246 2198 ubi
1294 2133 1529 2198 tunicae
1575 2134 1640 2197 δε
1688 2155 1894 2196 mem-

523 2229 735 2292 branae
767 2228 1039 2292 vifibiles
1074 2231 1137 2293 &
1182 2229 1394 2317 plures
1439 2226 1783 2291 invifibiles
1831 2224 1894 2290 se

522 2323 842 2411 praecipue
876 2322 1235 2386 ramificare
1267 2320 1523 2410 poffunt
1558 2324 1621 2386 &
1656 2320 1893 2384 ramifi-

523 2431 695 2494 cant,
747 2415 896 2479 inde
953 2415 1340 2479 concludere
1395 2415 1572 2494 licet,
1625 2415 1715 2479 ibi
1773 2412 1893 2478 effe

523 2511 845 2599 praecipue
878 2507 1095 2573 sedem
1130 2512 1360 2573 animae
1386 2509 1736 2587 rationaliS,
1761 2531 1893 2573 non

524 2627 676 2667 vero
711 2620 891 2668 extra
924 2604 1288 2669 cerebrum.
1389 2605 1469 2667 In
1510 2604 1771 2667 cerebro
1805 2603 1895 2665 vi·

523 2698 750 2762 demus
799 2698 1180 2787 meningem
1224 2721 1399 2804 plam
1449 2695 1559 2762 seu
1607 2694 1896 2761 subtilio-

523 2814 662 2855 rem
698 2792 1063 2856 vifibilem
1047 2793 1410 2856 innumeris
1450 2791 1604 2855 vafis
1638 2787 1894 2896 sangui-

524 2887 657 2950 neis
691 2883 1097 2976 conspersam
1132 2884 1194 2951 se
1230 2887 1434 2976 magis
1466 2887 1530 2950 ὅτ,
1563 2907 1792 3042 magisfi
1801 2906 1895 2946 ra

1651 3001 1745 3042 m1
1798 2999 1896 3041 ca-
