2080 3424
462 290 532 355 &⁹
565 287 747 376 casza
756 288 958 376 finali
983 287 1322 357 creationis.
1495 308 1530 374 5
1544 312 1577 378 3

211 449 276 490 re
309 425 534 491 debet:
588 448 702 514 per
736 424 916 489 nulla
950 440 1335 514 argumenta
1368 426 1582 490 effica-

210 520 345 583 cius
371 519 795 583 demonstrari
816 517 1043 607 potest,
1074 541 1270 607 quam
1293 542 1407 608 per
1428 542 1580 583 con-

210 613 700 702 templationem
717 613 1003 701 ipfiffimi
1031 613 1083 700 ej
1097 635 1166 676 us
1181 613 1407 701 operiS,
1426 635 1580 676 nam

210 707 317 771 illa
337 723 616 796 tangunt
642 704 880 785 sensuS,
896 707 1011 794 qui
1033 722 1300 770 movent
1314 707 1579 770 tandem

209 803 522 881 animam,
557 804 621 867 δε
656 799 934 865 mediate
969 816 1189 865 creant
1222 799 1577 889 stuporem,

209 894 386 983 quod
438 918 570 959 non
636 896 723 959 ita
787 895 931 958 vive
997 894 1136 958 fieri
1198 893 1405 983 potest
1468 917 1582 983 per

209 990 483 1053 rationes
530 990 660 1053 fine
711 989 917 1077 operis
951 989 1220 1076 alicujus
1256 987 1581 1052 lustratio-

209 1106 290 1147 ne
335 1087 397 1148 &
442 1083 1018 1172 contemplatione,
1067 1106 1197 1171 qua
1249 1098 1466 1148 totum
1517 1086 1581 1147 &

207 1192 434 1266 partes.

304 1366 432 1429 His
479 1365 804 1454 praemiflis
847 1366 1221 1429 intueamur
1258 1365 1402 1453 jam
1447 1388 1580 1429 coe-

209 1459 350 1522 lum
401 1458 510 1524 seu
552 1457 950 1536 universum,
998 1460 1158 1547 quid
1209 1482 1341 1523 non
1384 1460 1579 1523 mira-

1675 1381 1763 1425 Per
1804 1397 1893 1425 con—

1603 1447 1828 1510 templatio-

1601 1532 1690 1561 nem
1715 1526 1883 1561 naturae

211 1577 361 1617 mur
407 1555 474 1617 in
520 1555 738 1619 coelo?
786 1569 881 1617 tot
926 1553 1230 1617 fideribus
1279 1553 1864 1645 Plenum‚perdus2·mur

210 1663 307 1712 tot
343 1649 603 1712 mundis
638 1648 905 1712 fortaffis
939 1648 1414 1736 locupletatum
1458 1671 1578 1711 no·
1600 1654 1644 1696 in
1668 1655 1845 1712 agnitio-
1914 1668 1916 1670 ·

210 1741 337 1805 stro
373 1742 624 1806 mundo
661 1743 997 1821 fimilibus,
1034 1742 1101 1804 in
1137 1742 1374 1830 quibus
1411 1742 1520 1830 ipfi

211 1837 439 1900 fimam
473 1836 832 1901 vastitatem
880 1833 1241 1900 secundum
1279 1833 1575 1899 nostrum

209 1947 605 2019 conceptum
672 1932 1011 2006 miramur,
1071 1953 1285 2018 quum
1357 1945 1578 1993 tamen

208 2022 476 2090 fortassis
509 2048 744 2114 parum
771 2024 880 2101 est,
910 2023 1089 2113 quod
1118 2024 1434 2101 videmm,
1472 2021 1579 2088 sed

210 2133 428 2183 tamen
456 2142 655 2183 omne
683 2119 845 2183 illud
868 2142 948 2182 ne
970 2121 1291 2207 pundmm
1305 2118 1577 2207 quidem

207 2213 296 2276 est
332 2212 396 2276 in
423 2211 707 2302 respestu
730 2212 807 2277 ad
836 2212 1185 2279 Infinitum
1212 2239 1227 2288 ;
1283 2213 1325 2277 fi
1353 2235 1578 2277 omnes

210 2305 412 2371 stellas
457 2306 930 2371 confideremus
974 2322 1168 2395 prout
1210 2308 1277 2370 in
1325 2306 1578 2371 mundo

211 2402 426 2465 nostro
473 2398 700 2479 solem,
737 2401 994 2490 poffunt
1034 2402 1231 2464 etiam
1274 2401 1396 2465 illae
1432 2398 1578 2465 solis

210 2494 354 2559 loco
387 2494 530 2575 effe,
566 2498 629 2560 δε
663 2493 856 2558 suum
890 2495 1221 2559 mundum
1257 2518 1412 2560 cum
1446 2496 1577 2584 pla-

213 2590 372 2653 netis
418 2587 738 2665 formare3
793 2590 858 2653 in
908 2612 1040 2677 quo
1076 2587 1381 2677 respe&u‚
1418 2590 1579 2678 quid

213 2705 344 2746 non
381 2683 602 2747 mirari
638 2684 787 2746 licet
822 2684 888 2746 in
926 2683 1350 2747 multitudine
1387 2707 1578 2746 mun-

211 2777 491 2840 dorum?
569 2777 761 2865 quale
821 2800 953 2840 non
1011 2776 1178 2842 foret
1242 2778 1578 2841 indefinite

213 2869 518 2933 finitum?
568 2872 744 2958 fique
780 2869 1157 2935 universum
1183 2870 1394 2935 adhuc
1425 2894 1576 2935 con-

212 2962 624 3052 templemur,
693 2963 783 3027 est
849 2987 1015 3029 unus
1082 2965 1366 3029 mundus
1432 2987 1577 3027 mo—

956 3060 1099 3145 D3
1494 3057 1576 3122 do

1528 1739 1578 1805 s·
1602 1735 1693 1764 nem
1723 1719 1828 1765 Dei.

1671 2877 1747 2923 Ex
1770 2879 1883 2923 coelo.
