2080 3424
369 260 724 356 operationis
756 262 977 329 animae
1011 265 1078 330 &
1113 265 1396 354 corporis.
1471 261 1595 350 189

233 401 383 479 hoc,
427 399 553 464 hoc
600 393 769 473 scio;
822 395 929 461 sed
979 399 1096 487 qui
1143 412 1337 486 negat
1376 413 1599 461 exten-

233 495 403 572 sum,
447 507 639 580 negat
683 491 879 555 etiam
923 492 1226 569 finitum3
1287 489 1390 554 sed
1438 514 1600 579 quo-

235 589 432 653 modo
482 584 746 649 finitum
792 585 922 648 fine
967 583 1259 663 extense,
1309 583 1600 648 succesfi-

233 706 340 757 VO,
371 680 592 769 gradu,
630 695 970 743 momento
995 679 1114 744 &c.
1147 680 1248 743 vel
1284 679 1475 742 fimili
1512 695 1600 741 ta-

233 776 302 849 li,
342 774 441 838 vel
477 771 655 862 quod
690 794 823 836 non
857 788 1077 837 ortum
1122 772 1331 836 trahat
1371 771 1446 835 ab
1492 794 1601 834 ex-

235 867 439 946 tens0,
472 869 515 931 fi
551 868 678 930 hoc
713 866 986 954 inquam
1023 866 1365 931 monstrari
1391 865 1598 954 poffit,

232 963 438 1026 libens
472 962 540 1024 in
577 960 711 1048 ejus
743 978 950 1049 partes
983 961 1286 1025 transibo,
1374 962 1476 1023 Ex
1505 958 1603 1023 his

234 1055 545 1145 sequitur,
581 1055 626 1118 fi
660 1057 878 1118 anima
910 1055 984 1119 fit
1019 1071 1252 1128 creata,
1289 1055 1362 1118 fit
1397 1054 1600 1130 finita,

238 1151 311 1214 fit
363 1149 690 1226 naturaliS,
738 1171 892 1212 nam
934 1148 1064 1212 duo
1110 1150 1451 1213 finitorum
1497 1170 1605 1235 ge-

239 1267 389 1307 nera
445 1245 508 1307 &
559 1244 690 1306 duo
745 1243 1060 1307 naturalia
1106 1265 1239 1306 non
1283 1257 1606 1306 creaverat

240 1339 445 1415 Deus,
489 1336 605 1400 nifi
652 1351 724 1399 ut
773 1354 1232 1400 concurrerent
1279 1337 1354 1399 ad
1402 1337 1606 1425 quod-

237 1432 389 1495 dam
425 1430 652 1504 fimile,
690 1445 762 1494 ut
803 1431 887 1494 fic
927 1431 1118 1495 fimul
1167 1429 1413 1518 possent
1451 1452 1607 1493 con-

239 1525 492 1589 fiderari
525 1540 718 1612 prout
754 1525 1084 1601 naturale;
1138 1525 1182 1588 fi
1218 1526 1500 1614 denique
1535 1523 1609 1587 fit

239 1620 476 1707 regulis
512 1634 753 1681 naturae
788 1618 1061 1698 addicta,
1087 1617 1267 1707 quod
1295 1635 1450 1682 tunc
1474 1640 1607 1681 non

240 1714 422 1776 aliter
456 1709 575 1775 effe
608 1713 821 1800 posfit,
846 1736 1046 1800 quam
1077 1714 1313 1800 regulis
1349 1711 1609 1776 mecha-

240 1807 398 1870 nicis
433 1809 496 1872 &
530 1808 936 1894 geometricis
970 1807 1246 1895 alligata.

334 1994 455 2058 Sed
491 1994 535 2058 fi
570 1993 948 2058 mechanica
981 1996 1045 2059 δε
1088 1995 1483 2083 geometrica
1517 1993 1608 2070 fit,
1702 2013 1924 2075 Qalisst-

240 2110 404 2176 aegre
440 2087 706 2152 fortaffis
740 2087 1074 2153 facultates
1108 2088 1242 2176 ejus
1277 2089 1511 2176 plureS,
1541 2104 1613 2152 ut
1635 2080 1826 2175 ''silam‘’
1844 2147 1891 2194 h·

240 2182 666 2271 imaginandi,
733 2181 1148 2272 percipiendi,
1208 2182 1611 2247 concluden-
1634 2165 1840 2264 {Zyrnas
1875 2166 1905 2192 ²·

243 2274 333 2351 di,
370 2277 688 2340 memoria
728 2278 1016 2355 tenendi,
1053 2274 1445 2341 conscientia
1488 2274 1611 2353 sui,

244 2386 434 2456 prout
488 2386 775 2446 vocatur,
819 2371 971 2434 ideae
1024 2371 1275 2434 reflexae
1317 2373 1381 2436 δε
1430 2370 1615 2459 plura

246 2463 368 2526 alia
417 2462 661 2551 poffent
704 2464 1052 2553 explicari:
1107 2462 1210 2528 sed
1259 2466 1325 2527 in
1369 2463 1466 2528 his
1515 2467 1616 2527 in-

247 2554 569 2620 struamur
602 2558 1006 2646 aliquatenus
1052 2559 1130 2621 ab
1176 2556 1312 2647 ipso
1352 2557 1615 2621 vastiffi-

248 2673 359 2714 mo
382 2673 584 2739 regno
607 2651 890 2728 animali,
907 2674 1071 2740 aque
1093 2651 1239 2730 illis,
1265 2675 1405 2740 quae
1429 2651 1619 2715 fimul

249 2744 447 2806 vitam
477 2743 744 2809 trahunt
769 2746 832 2809 &
853 2746 1171 2820 animant,
1202 2748 1265 2810 δε
1293 2748 1357 2808 in
1382 2745 1620 2834 quibus

249 2837 481 2900 slmiles
507 2834 746 2916 sensuS,
773 2853 987 2903 motus
1010 2841 1073 2903 δε
1095 2840 1315 2927 figurae
1337 2839 1620 2927 partium

249 2933 313 2995 &
336 2931 532 2995 totius
559 2949 863 3020 apparent
888 2958 904 3009 ;
958 2933 1023 2996 in
1049 2932 1169 2996 illis
1192 2933 1459 3020 quidem
1489 2955 1621 2996 non

1405 3026 1621 3090 anim-
