2080 3424
541 242 669 308 268
783 245 958 333 Cap.
998 245 1095 308 II.
1134 246 1238 310 De
1270 211 1652 332 mechabg'fmo

537 383 602 445 ὃς
637 378 1026 446 differentias
1067 405 1148 446 ex
1190 383 1616 447 diverfisfimis
1662 381 1905 446 affecti-

535 473 653 538 bus
676 478 739 540 &
761 476 956 540 caufis
980 476 1111 541 aliis
1133 477 1533 555 oriunda8,&
1551 477 1735 566 plura
1757 477 1902 555 alia,

536 591 680 655 quae
706 566 1148 658 specialissime
1172 569 1627 660 perscrutanda
1654 574 1717 636 &
1744 594 1903 634 con-

535 661 799 727 ferenda
832 662 1004 742 sunt,
1035 666 1117 729 fic
1151 665 1414 729 tandem
1457 665 1535 728 de
1584 662 1904 752 perfectis-

538 756 681 819 fimi
710 757 881 822 illius
916 759 1078 823 entis
1112 781 1258 822 vera
1291 761 1646 847 geometria
1678 761 1742 823 ὅτ,
1766 781 1906 822 me-

534 848 873 915 chanismo
899 852 1145 940 aliquid
1171 853 1330 916 certi
1353 853 1657 916 concludi
1677 853 1901 941 potest.

539 943 905 1033 Qousque
928 946 994 1008 in
1022 947 1438 1034 inquisitione
1471 947 1905 1034 pervenerim,

535 1038 577 1101 fi
636 1040 816 1103 Deus
874 1040 1074 1103 vitam
1125 1041 1189 1104 &
1237 1041 1449 1104 otium
1503 1039 1900 1114 concefferit,

533 1128 890 1220 specialiter
931 1131 1138 1197 sistere
1181 1134 1436 1197 animus
1472 1133 1597 1209 est;
1649 1132 1758 1198 hic
1791 1157 1905 1222 ge-

533 1226 837 1290 neraliter
872 1227 1036 1291 nihil
1066 1242 1139 1291 ut
1165 1228 1626 1291 affirmativum
1655 1231 1719 1293 ὅς
1741 1228 1904 1316 pofi-

463 1341 466 1343 ’
531 1320 743 1383 tivum
781 1320 1128 1385 sistendum
1164 1321 1281 1385 effe
1332 1321 1670 1386 arbitratus
1714 1319 1901 1398 sum;

532 1435 686 1477 nam
709 1413 840 1503 ipsa
859 1417 1254 1504 experientia
1285 1418 1350 1482 δε
1382 1417 1735 1502 geometria
1755 1413 1904 1480 sunt

532 1509 726 1572 unice
759 1532 901 1598 quae
936 1511 1354 1574 affirmabunt
1378 1513 1441 1573 ὅτ,
1466 1525 1734 1598 ponent,
1759 1532 1903 1598 quae

532 1601 577 1665 fi
613 1602 1076 1668 affirmaverint
1108 1604 1173 1668 &
1202 1602 1557 1693 posuerint,
1579 1619 1752 1674 ‚tunc
1786 1603 1900 1668 de-

531 1718 720 1759 mum
757 1696 848 1777 fit,
887 1697 1319 1762 concludente
1354 1698 1595 1778 anima,
1623 1698 1904 1762 rationa-

527 1788 627 1855 le:
681 1791 865 1878 cujus
899 1793 1105 1880 operis
1127 1793 1484 1881 praecipuus
1519 1793 1663 1859 finis
1689 1790 1799 1868 est,
1830 1807 1902 1856 ut

529 1884 671 1972 ipfis
706 1882 987 1950 senfibus
1022 1886 1498 1951 demonstretur
1526 1886 1754 1950 animae
1777 1887 1902 1949 im-

530 1979 905 2044 mortalitas,

624 2074 1052 2138 CONCLUSIO.
1144 2072 1326 2158 Qid
1361 2071 1450 2136 est
1477 2074 1648 2137 vita?
1698 2068 1898 2161 quam

530 2165 889 2247 inchoatiO,
926 2166 1230 2230 formatio
1265 2169 1329 2231 &
1361 2168 1732 2255 praeparatio
1766 2169 1899 2231 ani-

527 2282 648 2323 mae
682 2261 749 2323 in
778 2259 1007 2323 statum
1036 2258 1285 2348 semper
1306 2262 1534 2324 vivum
1559 2260 1699 2349 post
1726 2284 1898 2325 mor-

526 2368 661 2417 tem
696 2355 978 2443 corporis
1012 2352 1148 2418 sui:
1191 2356 1255 2419 &
1276 2355 1437 2442 quid
1472 2354 1561 2418 est
1593 2353 1896 2419 formatio

525 2448 591 2512 &
613 2449 1029 2537 praeparatio?
1078 2447 1195 2512 nifi
1231 2465 1303 2510 ut
1337 2449 1554 2512 anima
1581 2464 1896 2536 quatenus

523 2564 638 2630 per
672 2539 735 2605 se
767 2540 1085 2620 subtilior,
1115 2542 1310 2605 etiam
1345 2543 1568 2631 purior
1599 2544 1664 2607 ὅτ,
1696 2541 1894 2631 perfe-

526 2637 712 2712 otior,
766 2638 831 2702 &
883 2652 1108 2724 potens
1154 2636 1507 2725 recipiendi
1559 2636 1749 2700 finale
1803 2636 1896 2700 di-

523 2730 781 2807 vinum,
855 2731 921 2795 &
988 2728 1479 2836 consequenter
1534 2729 1896 2794 disfimilior

522 2824 779 2912 corpori
812 2821 928 2888 suo
966 2824 1267 2898 naturali,
1305 2824 1622 2887 continuo
1656 2823 1893 2887 allabo-

523 2933 618 2981 ret
655 2939 885 3007 corpus
920 2917 993 2982 ad
1031 2914 1127 2982 sui
1165 2917 1369 2982 fimile
1394 2916 1676 2983 formare
1683 2919 1760 3074 ἐξ,
1787 2918 1892 2980 fle·

1747 3033 1890 3087 ere;
