2080 3424
379 284 737 375 operationis
769 284 990 349 am'mae
1025 283 1095 348 &³
1128 284 1407 374 corporis.
1479 308 1500 349 1
1521 283 1605 373 87

240 446 437 512 quam
483 422 652 485 intra
704 443 980 509 corpu83
1033 417 1141 483 sed
1174 421 1317 507 jam
1361 422 1438 485 ab
1474 420 1605 510 ipsa

238 515 627 604 experientia
649 514 779 578 fine
806 514 939 578 ulla
961 514 1083 578 alia
1110 515 1602 578 ratiocinatione

235 610 460 698 liquet,
490 609 667 696 quod
698 611 771 673 fit
793 608 1008 694 aliqua
1041 630 1182 696 pars
1210 609 1277 670 in
1311 631 1603 696 corpore,

234 707 299 768 &
341 704 518 790 quod
551 702 809 790 alligata
850 702 923 764 fit
958 703 1235 790 corpori,
1272 704 1336 766 δε
1370 701 1599 765 conse-

233 810 509 884 quenter
562 819 694 860 non
748 794 1025 872 infinita,
1075 794 1181 859 sed
1239 796 1313 858 ad
1374 818 1605 884 corpus

234 890 554 967 limitata3
616 912 770 978 ergo
815 912 944 952 una
995 912 1134 977 pars
1186 889 1489 953 naturalis
1535 889 1603 954 in

232 1006 521 1072 corpore.
576 985 679 1047 Sic
699 983 1111 1072 pervenimus
1140 983 1217 1046 ad
1240 983 1424 1061 illud,
1440 1006 1605 1048 num

233 1078 307 1141 fit
338 1101 478 1166 pars
510 1080 678 1142 inter
706 1100 799 1141 res
828 1077 1187 1141 naturales?
1236 1078 1415 1166 quod
1438 1079 1603 1141 affir-

231 1188 469 1235 matur.

328 1359 506 1447 Qa
528 1358 671 1446 jam
707 1359 795 1424 est
820 1360 1142 1436 naturaliS,
1171 1360 1480 1448 quaeritur
1506 1360 1602 1424 ul-

231 1454 446 1532 teriuS‚
471 1476 548 1516 an
582 1454 715 1517 aliis
743 1453 980 1542 regulis
1009 1456 1081 1518 fit
1106 1455 1376 1529 addicta,
1401 1478 1601 1542 quam

229 1548 466 1635 quibus
501 1544 632 1635 ipsa
666 1564 894 1611 natura
928 1546 1018 1612 est
1050 1549 1344 1612 addicta?
1393 1549 1494 1611 vel
1517 1571 1598 1612 an

226 1640 487 1729 reguliS,
547 1664 690 1728 quae
731 1642 914 1706 nobis
966 1642 1374 1730 ignotiffimae
1426 1639 1598 1720 sunt,

228 1737 291 1798 δι’,
324 1759 466 1822 quae
501 1735 684 1799 nobis
721 1752 791 1800 ut
823 1735 1230 1824 ignotiffimae
1263 1737 1330 1798 in
1366 1759 1596 1826 perpe-

225 1844 418 1892 tuum
455 1827 769 1893 mansurae
796 1830 961 1894 fint?
1029 1831 1201 1895 Dico
1237 1826 1598 1894 secundum

226 1921 622 2010 superiorem
669 1925 1181 1999 conclusionem,
1219 1924 1396 2011 quod
1431 1924 1598 1989 nihil

226 2018 516 2081 naturale
550 2018 683 2080 dari
723 2018 928 2106 poffit,
977 2019 1154 2107 quod
1190 2041 1322 2081 non
1358 2020 1597 2107 regulis

225 2110 418 2174 finitis
461 2111 536 2174 fit
559 2110 899 2175 ‘addietum
926 2138 941 2188 ;
999 2112 1175 2200 quod
1227 2112 1377 2176 alias
1429 2111 1596 2177 foret

226 2203 583 2281 infinitum,
609 2227 740 2268 non
776 2229 927 2269 vero
954 2205 1250 2271 finitum:
1304 2208 1460 2295 er'go
1495 2231 1595 2271 re-

226 2298 393 2382 gulis
438 2298 687 2363 addicta
719 2299 831 2372 est,
870 2298 1229 2364 secundum
1264 2323 1418 2389 quas
1451 2324 1597 2390 pos-

226 2391 299 2454 fit
319 2393 565 2479 operari
592 2395 656 2457 &
680 2392 907 2457 debeat
932 2395 1194 2482 operari.
1284 2396 1350 2459 Si
1375 2395 1594 2484 itaque

225 2485 459 2572 regulis
514 2486 587 2549 fit
641 2486 913 2565 addicta,
968 2490 1296 2575 quaeritur,
1357 2490 1594 2577 quibus

226 2580 494 2665 regulis?
521 2601 682 2642 num
706 2582 1069 2669 putandum
1102 2583 1194 2655 s1t,
1220 2585 1397 2670 quod
1426 2606 1592 2646 nun-

225 2695 424 2759 quam
456 2689 784 2761 penetrare
804 2675 1160 2763 poffimus
1143 2700 1210 2739 1n
1239 2677 1375 2740 illas
1403 2700 1591 2765 regu-

223 2765 356 2828 las?
392 2765 512 2828 Sed
538 2788 615 2828 ex
653 2764 1083 2856 superioribus
1109 2770 1482 2857 recolligere
1516 2771 1589 2834 li-

222 2874 348 2936 cet,
373 2859 549 2946 quod
573 2862 860 2926 naturale
894 2864 1184 2926 nostrum
1211 2864 1416 2927 nullas
1440 2865 1589 2928 alias

222 2952 474 3041 regulas
526 2952 854 3043 agnoscat,
900 2980 1101 3044 quam
1147 2981 1288 3045 quae
1338 2957 1589 3114 inffiffs

1351 3074 1384 3113 e
1439 3073 1472 3113 e
1540 3075 1586 3114 1-
