2080 3424
187 2537 309 2581 Num
333 2537 375 2581 in

100 2603 240 2664 finitis
262 2603 366 2648 aliae

115 2669 282 2731 regulae
301 2670 407 2715 den-

430 218 552 284 168
690 221 844 309 Cap.
879 222 972 286 II.
1011 220 1117 285 De
1149 218 1533 307 mechanisma

421 355 876 444 qualecunque
947 378 1177 445 corpus
1212 357 1306 433 fit,
1378 373 1451 421 ut
1483 357 1673 446 posfit
1730 355 1797 420 in

422 472 499 513 eo
533 448 822 539 respectu
859 451 1035 539 quafi
1070 450 1362 527 aliaeffe,
1387 467 1460 514 ut
1496 474 1627 514 non
1664 473 1798 514 uno

422 544 622 607 modo
674 542 925 633 semper
969 560 1292 633 operetur,
1331 546 1431 609 vel
1490 546 1533 609 fi
1570 544 1795 621 maviS,

422 638 600 726 quod
636 639 831 702 etiam
899 639 1082 703 aliter
1135 637 1403 703 formari
1455 639 1667 727 posfit‚
1726 654 1799 702 ut

423 733 673 820 operari
723 748 918 820 queat
983 734 1048 795 in
1100 747 1305 820 partes
1355 734 1637 822 corporis
1685 755 1799 821 per

423 826 915 890 fimilitudinem
961 841 1072 891 aut
1118 825 1528 889 harmoniam
1581 825 1699 903 sui,
1736 829 1800 892 ἃ,

424 918 628 1008 usque
674 922 760 985 ita
805 921 1077 1010 operari,
1118 935 1188 983 ut
1232 920 1355 984 illae
1402 935 1608 1009 partes
1651 943 1800 1009 ope-

423 1014 659 1078 rationi
709 1014 841 1102 ejus
891 1015 1219 1087 obediant,
1267 1014 1544 1103 ideoque
1598 1014 1801 1101 QA-

425 1131 510 1173 LE
546 1110 613 1171 in
650 1131 727 1171 eo
761 1110 956 1172 etiam
991 1108 1101 1183 est,
1125 1108 1303 1195 quod
1335 1108 1523 1196 poffit
1559 1109 1644 1172 ita
1678 1108 1800 1172 effe

425 1203 526 1265 vel
562 1203 649 1266 ita
680 1201 840 1279 fieri,
877 1219 948 1266 ut
994 1221 1296 1290 operetur
1331 1226 1461 1266 non
1498 1201 1697 1266 modo
1731 1203 1799 1266 in

424 1313 629 1385 partes
663 1294 761 1360 sui
807 1297 1062 1375 fimiles,
1100 1293 1207 1359 sed
1249 1297 1446 1360 etiam
1482 1295 1546 1359 in
1585 1296 1802 1361 minus

426 1391 762 1468 fimile8,&
785 1392 867 1455 fic
889 1388 1259 1456 succeffive:
1298 1413 1379 1454 ex
1405 1390 1643 1478 quibus
1665 1406 1802 1454 tan-

425 1501 568 1548 tum
626 1485 859 1549 deduci
912 1483 1139 1574 potest,
1187 1483 1306 1549 effe
1358 1486 1426 1548 in
1480 1485 1589 1549 illa
1640 1508 1801 1573 qua-

425 1578 699 1655 litatem,
743 1577 1121 1643 facultatem
1172 1595 1282 1643 aut
1326 1579 1682 1667 potentiam
1730 1602 1803 1643 o-

425 1672 715 1761 perandi,
751 1671 1114 1738 secundum
1159 1697 1361 1761 quam
1397 1673 1647 1762 regulas
1679 1669 1802 1736 ha-

426 1767 558 1842 bet,
582 1767 819 1855 quibus
853 1769 1046 1856 regit,
1070 1770 1132 1832 &
1159 1765 1627 1855 consequenter
1661 1768 1802 1855 qui-

426 1861 543 1925 bus
578 1862 847 1949 regitur.
949 1863 1097 1926 Nec
1141 1884 1300 1949 opus
1345 1860 1456 1937 est,
1498 1876 1565 1924 ut
1599 1861 1665 1924 in
1706 1861 1802 1924 his

426 1956 806 2043 prolixiores
849 1956 1082 2032 fimus;
1138 1978 1286 2019 nam
1333 1978 1368 2018 a
1402 1955 1648 2018 ratione
1684 1977 1800 2018 ne-

426 2049 566 2137 gari
594 2072 724 2113 non
759 2049 987 2138 potest,
1025 2050 1186 2137 quin
1222 2048 1403 2112 finita
1440 2050 1513 2113 fit
1552 2050 1616 2113 ὅτ
1649 2072 1802 2137 qua·

429 2159 615 2206 tenus
679 2143 883 2217 finita,
937 2144 1100 2231 quin
1166 2140 1305 2206 suas
1370 2142 1621 2230 regulas
1687 2142 1804 2206 ha-

425 2236 592 2311 beat,
632 2234 993 2301 secundum
1044 2258 1198 2325 quas
1233 2237 1483 2325 operari
1516 2236 1703 2325 poffit
1735 2237 1803 2301 in

426 2353 678 2419 corpuS.

528 2518 862 2605 Qaeritur
887 2517 1149 2595 iterum,
1174 2540 1337 2581 num
1361 2517 1427 2582 in
1451 2517 1648 2583 finitis
1670 2520 1804 2583 aliae

433 2613 672 2700 regulae
706 2612 965 2689 dentur,
993 2634 1196 2700 quam
1233 2635 1375 2700 quae
1411 2612 1804 2677 mechanicae

116 2749 203 2793 tur,
231 2754 355 2787 auam
434 2707 577 2785 fint,
606 2709 670 2771 &
704 2729 845 2794 quae
878 2706 1272 2793 geometrice
1306 2706 1540 2795 poffint
1575 2704 1805 2770 descri-

119 2793 409 2851 mech'amcae?
433 2800 532 2864 bi?
568 2801 703 2864 Hic
725 2822 858 2864 non
882 2799 1338 2863 instituoillam
1356 2800 1802 2888 quaestionem‚

431 2917 510 2958 an
549 2896 731 2959 Deus
763 2894 1046 2983 potuerit
1089 2893 1284 2958 aliam
1330 2909 1629 2958 naturam
1663 2893 1806 2957 fini-

1668 3003 1805 3052 tam
