2080 3424
535 285 668 348 204
810 265 960 353 Cap.
1001 266 1093 329 II.
1131 264 1234 327 De
1267 262 1648 348 mechanffmo

532 401 830 479 derivari,
857 400 971 464 nifi
994 423 1107 490 per
1129 423 1372 464 nexum
1397 402 1461 465 δε
1484 397 1902 486 contiguum,

535 498 598 560 δε
625 493 1094 583 consequenter
1118 517 1230 583 per
1256 492 1584 557 summam
1608 491 1905 580 volupta-

535 604 712 665 tem;
765 588 942 677 quod
989 589 1188 651 etiam
1229 610 1310 651 ex
1351 610 1427 651 eo
1469 586 1684 650 videre
1728 586 1901 662 licet,

535 683 713 771 quod
753 682 830 745 ad
858 682 1046 746 illum
1074 680 1275 744 finem
1302 680 1738 745 obtinendum
1771 676 1905 768 ipsa

536 777 751 840 anima
784 790 1152 849 concurrat,
1178 798 1211 838 e
1238 799 1368 864 qua
1394 775 1587 837 etiam
1623 773 1908 862 particu-

536 870 597 934 la
632 870 946 942 trahatur,
984 867 1159 932 unde
1201 866 1486 932 noscitur
1531 868 1609 931 ab
1644 866 1905 943 effectu,

537 964 691 1051 quid
722 965 796 1028 fit
823 965 888 1026 in
917 960 1102 1026 causa
1128 988 1143 1038 ;
1196 962 1273 1025 ab
1303 962 1538 1025 ultimo
1565 962 1718 1040 fine,
1746 960 1906 1049 quid

538 1059 611 1122 fit
653 1058 716 1121 in
763 1059 1015 1146 primo;
1069 1079 1149 1119 ex
1195 1078 1486 1145 corpore,
1522 1053 1684 1143 quid
1728 1055 1800 1118 fit
1835 1054 1902 1117 in

539 1153 795 1228 anima3
849 1149 1027 1239 quod
1077 1147 1318 1213 scilicet
1368 1150 1433 1212 in
1483 1170 1748 1235 corpore
1796 1170 1911 1237 per

540 1245 921 1309 instinctum
972 1243 1202 1307 animae
1252 1242 1639 1307 defideretur
1688 1241 1910 1306 fimilis

542 1339 758 1416 statUS,
784 1339 899 1427 qui
929 1337 1018 1401 est
1045 1339 1111 1402 in
1141 1338 1377 1402 anima.
1467 1336 1670 1420 Qod
1696 1337 1762 1399 in
1791 1334 1911 1399 ho-

541 1434 721 1497 mine
757 1434 831 1497 fit
867 1431 1113 1520 aliquid
1148 1432 1335 1496 altius
1368 1433 1432 1496 &
1466 1428 1806 1494 sublimius
1832 1428 1911 1493 ad

540 1527 824 1592 eundem
866 1526 1068 1593 finem
1113 1523 1370 1615 spiranS,
1406 1547 1604 1613 quam
1651 1525 1719 1587 in
1765 1523 1913 1587 reli-

540 1623 683 1710 quis
718 1621 1173 1698 animantibus,
1204 1634 1461 1708 apparet
1496 1641 1574 1682 ex
1611 1640 1708 1694 e0,
1736 1616 1913 1706 quod

542 1739 675 1780 non
711 1715 910 1779 modo
960 1714 1190 1778 delitiis
1232 1712 1508 1802 gaudeat
1551 1734 1913 1800 propagan-

543 1810 607 1872 di
642 1808 1093 1897 educendique
1121 1808 1374 1883 liberOS,
1404 1804 1510 1870 sed
1537 1806 1732 1869 etiam
1768 1828 1913 1894 per-

543 1905 696 1968 enni
750 1902 1059 1967 defiderio
1116 1925 1230 1991 per
1286 1901 1425 1964 illos
1483 1901 1652 1963 inter
1707 1896 1910 1962 seram

540 1997 981 2086 posteritatem
1008 1995 1287 2072 vivendi,
1314 1994 1486 2058 unde
1506 1993 1701 2056 etiam
1730 2015 1915 2057 amor

543 2115 685 2155 raro
708 2091 1167 2179 exstinguitur,
1186 2086 1288 2151 sed
1313 2085 1758 2151 descendendo
1778 2109 1916 2150 cre-

542 2183 658 2249 scit
693 2186 760 2248 in
798 2199 1082 2272 nepoteS,
1120 2183 1302 2246 aliter
1341 2205 1541 2270 quam
1585 2181 1651 2243 in
1687 2180 1910 2246 brutis.

545 2281 647 2343 Ex
683 2279 909 2341 eodem
947 2278 1143 2340 etiam
1179 2274 1358 2338 fonte
1394 2279 1457 2340 ὃς
1492 2271 1677 2338 causa
1711 2275 1915 2348 venit,

545 2372 723 2460 quod
758 2371 977 2460 aliqui,
1008 2370 1242 2458 quibus
1276 2371 1445 2432 recta
1479 2391 1660 2432 mens
1694 2367 1808 2447 est,
1837 2369 1916 2432 ad

546 2467 961 2542 memoriam,
990 2463 1230 2528 famam
1266 2465 1329 2527 δε
1362 2462 1638 2549 gloriam
1676 2463 1800 2527 five
1836 2463 1912 2525 ad

546 2577 927 2650 perpetuam
962 2555 1059 2622 sui
1091 2558 1293 2622 vitam
1338 2580 1451 2646 per
1494 2557 1761 2620 virtutes
1796 2556 1917 2620 sta-

549 2670 693 2719 tum
729 2652 1149 2741 integriorem
1195 2654 1259 2716 &
1304 2649 1754 2739 perfectiorem
1791 2647 1917 2738 spi-

552 2763 758 2812 rantes
786 2750 849 2812 &
876 2745 1185 2835 sapientes
1207 2744 1534 2820 anhelent,
1559 2740 1716 2832 saepe
1742 2759 1814 2807 ut
1841 2743 1918 2806 il-

547 2844 658 2908 luc
702 2863 815 2930 per
857 2840 1228 2929 ipfiffimam
1274 2854 1557 2902 mortem
1602 2835 1712 2901 seu
1761 2859 1920 2901 con-

550 2951 877 3025 temptum
922 2934 1227 2998 omnium
1282 2932 1679 3021 reliquarum
1733 2930 1919 2994 volu-

1637 3037 1916 3112 ptatum,
