2080 3424
469 247 551 333 58
817 250 970 338 Cap.
1010 251 1067 313 I.
1106 251 1210 314 De
1245 248 1493 335 Irgfinito

466 405 561 447 res
587 383 822 472 posfint
852 385 1132 473 recipere
1158 411 1173 460 ;
1226 407 1382 472 quas
1409 383 1835 448 membranu-

466 478 552 541 las
603 500 759 541 cum
813 480 1022 542 nervis
1073 478 1522 567 cujuscunque
1581 477 1833 567 generis

464 573 933 650 communicat,
971 573 1124 661 quia
1168 571 1307 636 illos
1354 571 1631 646 investit,
1668 594 1835 660 quo-

466 688 615 728 rum
645 667 931 731 maxima
959 689 1096 754 pars
1123 665 1229 742 est,
1257 667 1411 755 quia
1444 666 1533 730 est
1567 667 1831 730 illorum

463 782 821 824 commune
885 776 1368 849 tegumentum.
1497 761 1834 824 Praeterea·

466 876 611 918 mus
646 854 1027 918 divifionem
1057 853 1300 918 cerebri
1333 854 1399 918 in
1436 852 1834 943 haemisphae-

465 947 579 1020 ria,
633 952 697 1014 δε
748 947 881 1013 haec
931 949 994 1013 in
1047 947 1251 1026 lobos,
1302 949 1536 1036 pariter
1583 947 1834 1012 divifio-

467 1064 616 1105 nem
667 1044 734 1106 in
784 1043 1204 1120 cerebellum,
1254 1045 1318 1108 &c
1366 1043 1633 1106 illorum
1685 1039 1834 1106 sub-

464 1135 717 1201 stantias
743 1136 1069 1201 corticales
1100 1138 1163 1200 &
1199 1135 1620 1212 medullares;
1674 1159 1835 1225 quo-

464 1253 614 1294 rum
679 1230 1203 1320 unumquodque
1268 1245 1402 1293 tarn
1467 1231 1534 1293 in
1601 1253 1835 1318 genere

463 1348 664 1413 quam
690 1326 756 1388 in
778 1323 984 1414 specie
1009 1322 1203 1388 suum
1228 1321 1417 1388 usum
1441 1324 1833 1413 fingularem

464 1420 733 1507 praestat,
771 1435 842 1483 ut
882 1416 1269 1483 sensationes
1316 1442 1448 1482 non
1489 1417 1688 1483 modo
1730 1440 1833 1482 ru-

464 1512 571 1577 des
594 1514 902 1603 corporiS,
921 1511 1027 1576 sed
1051 1513 1354 1576 omnium
1378 1511 1682 1577 sensuum
1700 1534 1834 1575 ver-

463 1604 565 1671 sus
602 1608 906 1673 interiora
939 1607 1145 1695 magis
1180 1610 1244 1673 &c
1280 1609 1484 1696 magis
1519 1605 1830 1684 deferant,

464 1702 676 1790 adque
702 1699 904 1791 ipsam
932 1702 1221 1765 animam
1258 1699 1367 1766 seu
1399 1699 1832 1765 subtiliffimas

464 1812 671 1884 partes
696 1823 711 1873 ;
762 1797 995 1885 pariter
1017 1795 1094 1858 ad
1119 1797 1490 1859 nutriendas
1517 1797 1581 1860 Sc
1610 1796 1676 1858 in
1713 1794 1832 1857 fitu

462 1891 834 1955 detinendas
879 1906 1084 1979 partes
1117 1891 1357 1954 vicinas
1406 1893 1470 1955 δε
1503 1889 1831 1965 duriores;

462 2007 744 2071 quarum
798 1985 1103 2048 omnium
1157 2006 1290 2047 non
1343 1983 1544 2047 modo
1599 1996 1830 2071 parteS,

463 2076 570 2141 sed
596 2079 792 2142 etiam
815 2078 1074 2141 illarum
1096 2093 1323 2166 parteS,
1351 2098 1620 2141 omnem
1648 2074 1832 2140 suam

461 2195 725 2260 operam
799 2170 1323 2249 accommodant,
1392 2185 1465 2235 ut
1525 2193 1831 2234 commu-

466 2289 546 2329 ne
568 2266 755 2354 poffit
779 2266 1034 2342 nutriri,
1059 2262 1410 2344 subsistere,
1442 2287 1653 2353 agere,
1677 2266 1830 2352 pati,

464 2359 659 2424 verbo
703 2375 774 2424 ut
816 2358 1019 2424 homo
1060 2359 1246 2447 poffit
1287 2360 1524 2438 vivere,
1572 2356 1829 2435 sentire,

464 2457 529 2519 &
565 2454 651 2518 ita
679 2455 890 2518 vivere
917 2457 981 2520 &
1007 2450 1264 2531 sentire,
1290 2469 1362 2517 ut
1389 2475 1527 2541 pars
1554 2449 1831 2517 subtilis-

464 2549 617 2612 fima
655 2549 972 2637 praecipue
1012 2548 1205 2626 vivat.
1312 2549 1470 2635 Qo
1504 2561 1574 2610 ut
1607 2547 1831 2612 omnia

463 2642 756 2720 tendant,
794 2640 944 2707 sunt
983 2642 1181 2705 etiam
1217 2642 1518 2705 cavitates
1552 2641 1619 2704 in
1654 2664 1831 2705 cere-

462 2736 581 2800 bro
613 2737 913 2824 infignes,
951 2758 1231 2824 quarum
1271 2735 1436 2799 binae
1470 2733 1620 2799 sunt
1657 2742 1841 2800 ante-'

461 2831 681 2908 rioreS‚
734 2853 876 2918 quae
921 2829 1081 2893 dum
1131 2831 1199 2893 in
1247 2827 1670 2918 conspeetum
1719 2852 1831 2918 per

462 2922 815 2989 seffionem
856 2923 1149 3001 veniunt,
1196 2920 1259 2988 se
1307 2927 1506 2988 etiam
1556 2923 1831 2987 videnda

1668 3039 1830 3106 prae-
