2080 3424
519 192 600 258 88
861 197 1015 286 Cap.
1050 198 1107 262 I.
1156 196 1250 261 De
1282 195 1525 282 Irfinito

517 351 634 393 um
684 329 1155 420 praeferendum
1207 332 1327 397 effe
1375 346 1623 422 putant,
1668 345 1738 395 ut
1794 329 1879 394 fic

515 425 1060 515 omnipotentiam
1094 427 1382 491 divinam
1421 426 1771 491 habeamus
1810 423 1879 487 in

514 532 807 607 tempore
841 518 1272 596 manifestam,
1295 523 1359 586 sc
1381 522 1448 584 in
1482 541 1878 610 quocunque

514 627 807 701 tempore
863 611 1262 701 provisuram
1314 616 1502 679 rebus
1554 612 1878 688 humaniS,

514 722 707 794 prout
725 706 848 771 illae
869 705 931 770 se
947 707 1217 772 flectunt
1238 711 1301 773 &
1322 722 1607 772 vertunt:
1645 710 1709 773 δε
1727 728 1879 795 prae-

515 800 705 889 cipue
728 799 853 865 hoc
875 824 1102 890 urgere
1122 802 1286 867 velle
1307 803 1605 866 videntur
1625 802 1741 876 illi,
1766 799 1881 888 qui

515 893 777 958 finitum
810 895 1142 983 quendam
1181 911 1572 985 conceptum
1607 894 1686 959 de
1731 895 1880 958 Deo

515 986 763 1062 fovent,
799 991 863 1054 δε
907 989 1023 1077 qui
1073 1012 1206 1053 non
1257 991 1535 1079 poffunt,
1571 1012 1773 1078 quam
1807 1003 1881 1052 ut

516 1081 861 1147 affimilent
893 1082 1083 1147 illum
1117 1085 1418 1172 potentiae
1444 1085 1507 1149 &
1532 1082 1879 1157 voluntati,

515 1177 721 1264 qualis
754 1173 844 1239 est
876 1177 943 1240 in
977 1192 1240 1265 potente
1285 1199 1458 1266 rege,
1493 1177 1609 1266 qui
1657 1174 1881 1240 secun-

515 1270 677 1335 dum
710 1268 924 1335 causas
955 1273 1019 1336 δε
1065 1270 1235 1360 leges
1258 1271 1487 1359 jubere
1519 1273 1583 1336 δε
1618 1292 1749 1333 non
1772 1269 1880 1358 ju-

516 1364 666 1428 bere
698 1364 915 1453 poffit3
967 1365 1083 1453 qui
1108 1365 1256 1429 alias
1289 1365 1460 1454 leges
1494 1362 1794 1440 formare,
1817 1366 1881 1429 &

513 1458 652 1522 illas
685 1458 974 1522 moribus
1015 1457 1318 1523 humanis
1366 1481 1631 1548 ponere,
1667 1472 1881 1547 aptare

514 1553 919 1618 &invertere
942 1579 958 1629 ;
995 1552 1103 1616 cui
1123 1550 1450 1617 sententiae
1475 1575 1552 1616 eo
1576 1552 1880 1616 libentius

514 1644 734 1710 favent
768 1646 884 1723 illi,
920 1647 1036 1735 qui
1068 1662 1301 1735 putant
1333 1645 1395 1712 se
1431 1647 1700 1711 Infinito
1733 1667 1877 1734 pro-

514 1740 889 1829 pinquiores
922 1743 986 1805 &
1018 1740 1352 1805 amiciores
1400 1740 1543 1817 effe,
1578 1742 1641 1804 ἃ
1689 1739 1878 1803 illum

513 1833 600 1898 fic
634 1833 713 1898 ad
745 1831 882 1898 suas
926 1850 1131 1923 partes
1165 1836 1228 1899 &
1265 1857 1382 1923 pro
1415 1833 1676 1898 arbitrio
1707 1831 1877 1922 poffe

495 1927 792 2005 fiecstere,
835 1930 899 1993 δε
952 1925 1070 1991 sub
1111 1928 1449 1992 autoritate
1497 1927 1668 2015 quafi
1721 1926 1878 1990 divi-

515 2042 598 2084 na
632 2021 863 2086 animis
892 2023 955 2086 &
987 2019 1390 2086 societatibus
1423 2018 1725 2085 humanis
1759 2022 1880 2084 im-

512 2136 755 2202 perare.

607 2300 728 2364 Sed
763 2298 1031 2390 ipsamet
1069 2300 1204 2366 haec
1241 2300 1549 2367 sententia
1595 2325 1752 2365 meae
1796 2325 1876 2366 ne

512 2393 728 2458 hilum
763 2394 1030 2483 quidem
1065 2397 1380 2460 contraria
1414 2395 1524 2473 est,
1561 2397 1759 2460 modo
1795 2419 1876 2461 ne

510 2503 648 2553 tam
690 2487 879 2552 crafl‘e
928 2486 1221 2567 sentiant,
1257 2489 1434 2579 quod
1482 2490 1682 2555 indies
1732 2513 1876 2554 mu·

511 2582 633 2646 tari
658 2582 782 2646 five
804 2605 885 2645 ex
905 2583 1346 2671 conjuncturis
1373 2607 1589 2648 rerum
1614 2585 1876 2649 confilia

513 2698 681 2740 nova
731 2677 796 2741 ὅτ,
848 2698 1015 2741 nova
1059 2677 1126 2740 in
1173 2694 1462 2766 tempore
1517 2701 1759 2767 capere,
1811 2680 1875 2743 ὃς

511 2767 874 2834 secundum
908 2771 1118 2836 exitus
1151 2769 1213 2836 se
1239 2771 1550 2835 continuo
1577 2776 1640 2838 &
1673 2770 1874 2836 indies

514 2863 831 2953 applicare
865 2863 1050 2928 illum
1085 2864 1300 2942 libeat,
1339 2881 1411 2930 ut
1453 2866 1630 2955 quod
1678 2865 1874 2930 hodie

1651 2958 1871 3023 volue-
