2080 3424
466 263 536 327 &
567 265 751 350 σαψ
767 263 963 346 finali
982 264 1323 330 creationis.
1448 287 1527 330 lo
1539 288 1572 353 3

209 398 384 486 quod
437 399 510 462 fit
554 397 911 462 infinitum.
1013 399 1290 464 Accedit
1336 399 1573 478 adhuC,

206 516 414 579 quum
454 491 798 556 Infinitum
841 492 915 555 fit
948 489 1136 555 causa
1165 491 1359 571 finiti,
1395 494 1575 581 quod

206 584 393 650 causa
427 584 546 649 effe
573 601 876 674 nequeat,
902 586 1018 649 nisi
1046 585 1150 662 fit;
1206 608 1340 650 non
1368 588 1575 675 potest

205 680 569 767 quidquam
595 704 628 743 a
654 678 842 744 causa
866 679 1162 768 produci,
1191 679 1304 743 nifi
1332 680 1399 743 in
1426 703 1575 744 cau-

205 773 268 836 sa
290 773 383 849 fit,
401 789 472 837 ut
494 771 681 837 causa
702 774 889 862 poffit
909 772 1289 862 producere,
1308 777 1372 840 &
1396 774 1575 862 quod
1681 838 1692 850 ‚

203 867 583 954 produxerit
615 868 970 956 primitiva,
1007 869 1072 932 δι’
1104 866 1574 956 consequenter

206 960 563 1038 mundum,
592 963 844 1025 dictum
876 961 1003 1026 est:
1058 958 1270 1049 ipsum
1306 963 1570 1028 N1H1L

207 1077 338 1118 non
372 1056 579 1143 potest
612 1056 760 1119 dare
807 1054 974 1119 mihi
1019 1053 1304 1130 causam,
1341 1079 1422 1120 ex
1468 1059 1572 1121 ni-

206 1148 345 1213 hilo
377 1148 449 1213 fit
484 1149 687 1224 nihil;
741 1172 896 1238 ergo
924 1147 1234 1238 sequitur,
1258 1150 1438 1239 quod
1464 1153 1574 1215 In-

206 1243 470 1307 finitum
518 1201 715 1309 fuerit
764 1240 973 1321 causa,
1022 1247 1086 1309 &
1135 1243 1455 1332 quicquid
1505 1246 1574 1309 in

206 1334 394 1401 causa
428 1336 538 1415 est,
576 1337 924 1403 Infinitum
961 1339 1052 1402 fit.
1141 1339 1340 1425 Qod
1375 1340 1573 1403 etiam

206 1433 430 1497 omnia
464 1432 909 1520 contingentia
935 1433 1002 1496 in
1029 1431 1226 1496 finitis
1248 1448 1382 1497 tam
1409 1434 1574 1498 mire

206 1525 284 1588 ad
340 1550 549 1590 unum
601 1526 803 1590 finem
855 1523 1387 1614 conspiraverint,
1437 1551 1572 1592 non

206 1619 465 1684 aliunde
499 1622 651 1684 oriri
682 1619 888 1709 potest
933 1643 1133 1707 quam
1179 1644 1214 1684 a
1258 1618 1467 1699 causa,
1504 1624 1574 1686 in

205 1736 335 1800 qua
356 1714 607 1780 infinite
630 1714 997 1802 intelligens
1022 1715 1115 1791 fit,
1140 1715 1314 1779 unde
1337 1716 1403 1778 in
1425 1739 1573 1780 cau-

204 1808 268 1871 sa
294 1831 404 1872 ens
431 1810 723 1873 eminens
749 1811 814 1874 &
841 1809 907 1870 in
936 1825 1084 1872 ente
1112 1808 1363 1875 infinite
1386 1811 1574 1874 intel-

203 1900 409 1990 ligens
444 1903 564 1967 effe
598 1900 903 1991 sequitur.
975 1903 1224 2008 Liquet
1250 1904 1447 1967 etiam
1475 1905 1570 1968 in-

205 1995 304 2072 de,
332 1997 510 2085 quod
546 2020 750 2061 nexus
785 1996 859 2060 fit
891 1996 1208 2085 primitivi
1244 2000 1308 2061 &
1342 1996 1568 2077 causae,

202 2091 356 2192 quia
382 2091 844 2197 quodcunque
896 2089 1431 2197 perfectiffimum
1482 2092 1573 2156 est

207 2207 272 2247 1n
299 2186 658 2273 primitiVO,
691 2186 816 2249 hoc
842 2184 1179 2250 infinitum
1207 2184 1337 2249 est
1322 2211 1389 2251 ln
1419 2210 1571 2250 cau-

205 2275 288 2354 sa,
325 2276 432 2343 sed
468 2302 672 2344 nexus
706 2278 798 2343 est
838 2278 1145 2356 infinituS,
1183 2280 1261 2344 de
1295 2304 1430 2369 quo
1465 2282 1570 2344 in-

205 2368 323 2450 fra,
391 2375 541 2438 inde
607 2372 1107 2438 demonstrative
1181 2374 1573 2439 concludere

205 2463 379 2546 licet,
415 2467 552 2533 dari
597 2467 768 2557 poffe
815 2491 1087 2543 nexum,
1133 2464 1239 2531 sed
1284 2470 1570 2557 qualem,

210 2560 590 2649 neutiquam
618 2562 948 2652 possumus
974 2585 1086 2651 per
1109 2562 1313 2627 simile
1340 2563 1440 2627 vel
1462 2587 1575 2653 per

210 2652 427 2718 similis
461 2656 665 2720 fimile
698 2653 1116 2745 perscrutari.
1187 2657 1347 2720 adeo
1383 2673 1454 2720 ut
1495 2658 1573 2721 fic

208 2748 512 2812 concludi
532 2750 739 2839 possit,
762 2751 827 2814 in
852 2750 1121 2816 Infinito
1149 2751 1266 2814 effe
1291 2749 1571 2831 infinita,

208 2862 350 2927 quae
405 2865 516 2930 per
575 2842 840 2908 finitum
906 2845 1164 2932 concipi
1226 2860 1573 2932 nequeant,

207 2935 423 3022 qualia
459 2937 597 3001 fint.
702 2938 1056 3002 Conclufio
1097 2937 1206 3014 est,
1243 2937 1422 3026 quod
1456 2961 1573 3001 ex-

912 3031 977 3094 G
1014 3053 1056 3114 4
1481 3047 1576 3096 tra
