2080 3424
496 276 625 339 242
776 255 930 341 Cap.
968 254 1063 318 II.
1103 254 1206 318 De
1237 251 1619 339 mechanisma

492 404 701 453 rentes
753 389 1036 453 minores
1076 402 1335 477 propter
1374 388 1765 475 contiguum
1799 387 1863 451 &

494 507 746 548 nexum
779 481 1166 562 tendantur3
1220 483 1263 546 fi
1300 481 1506 546 tendis
1541 480 1865 544 membra-

492 601 646 641 nam
682 576 1011 665 quandam
1045 591 1374 640 recentem
1407 577 1576 639 inter
1607 574 1865 664 digitos,

498 694 632 736 non
668 672 848 735 illam
882 686 1061 759 potes
1094 671 1380 748 tendere,
1412 670 1526 734 nis1
1570 667 1762 733 fimul
1796 667 1863 732 in

497 766 857 829 tensionem
891 761 1243 853 sequantur
1275 779 1478 853 partes
1501 763 1634 851 ejus
1667 761 1866 827 subti-

497 859 723 936 liores;
777 859 819 922 fi
854 860 1055 922 tenfio
1082 857 1193 921 fiat
1226 881 1337 946 per
1371 854 1867 921 tumescentiam

499 976 620 1042 ope
653 950 979 1041 sanguinis
1014 952 1113 1015 vel
1150 952 1308 1015 alius
1340 952 1630 1039 liquoris,
1658 950 1869 1040 perin-

500 1048 579 1110 de
615 1046 727 1121 est,
764 1046 962 1109 modo
995 1045 1305 1121 videatur,
1334 1045 1512 1134 quod
1545 1046 1654 1109 illa
1685 1042 1870 1133 poffit

501 1141 622 1205 effe
648 1139 832 1205 causa
865 1140 1166 1203 tenfionis
1193 1162 1326 1203 non
1355 1139 1554 1203 modo
1586 1138 1870 1228 partium

502 1235 876 1299 craffiorum
910 1231 1017 1298 sed
1046 1234 1234 1298 fimul
1262 1231 1702 1298 subtiliorum.
1767 1232 1875 1296 De

502 1328 601 1393 his
635 1329 928 1418 loquitur
977 1326 1106 1417 ipsa
1140 1328 1556 1416 experientia,
1592 1325 1750 1391 adeo
1801 1339 1873 1388 ut

503 1447 637 1487 non
661 1423 868 1487 multa
893 1423 1140 1486 ratione
1163 1421 1375 1485 adhuc
1397 1444 1555 1511 opus
1579 1421 1684 1497 fit;
1722 1442 1874 1483 nam

504 1542 539 1582 a
573 1515 887 1606 sanguine
913 1513 1314 1580 tumescente
1348 1517 1642 1580 videmus
1669 1537 1875 1578 mem-

506 1613 732 1676 branas
804 1612 871 1674 in
938 1633 1205 1700 corpore
1269 1610 1447 1674 tendi
1475 1636 1490 1687 ;
1584 1608 1877 1672 videmus

504 1721 765 1795 propter
810 1705 1169 1768 tenfionem
1220 1728 1353 1768 non
1404 1702 1603 1767 modo
1643 1703 1875 1766 altera-

507 1802 759 1865 tionem
795 1800 862 1863 in
897 1797 1198 1876 senfibus‚
1234 1797 1341 1862 sed
1385 1799 1580 1863 etiam
1633 1797 1701 1861 in
1747 1792 1878 1885 ipsa

507 1894 990 1983 imaginationis
1038 1891 1365 1970 facultate,
1417 1894 1483 1956 in
1534 1891 1675 1980 ipfis
1725 1913 1877 1954 mu-

506 1987 717 2065 sculiS,
753 1987 932 2076 quod
964 1987 1178 2051 videre
1212 1987 1363 2051 licet
1397 1986 1474 2050 ab
1508 1986 1621 2060 ira,
1656 2007 1691 2048 a
1723 1985 1879 2048 vino

510 2085 635 2147 five
669 2083 736 2145 in
772 2081 1100 2156 ebrietate,
1139 2083 1205 2144 in
1240 2079 1524 2144 febribus
1557 2080 1678 2143 δῖε.
1719 2078 1878 2141 adeo

510 2194 582 2240 ut
627 2176 855 2264 pofitio
910 2174 1507 2263 experimentaliter
1562 2173 1635 2236 fit
1687 2172 1878 2246 clara,

508 2271 662 2359 quia
710 2268 971 2332 effeetus
1023 2268 1315 2332 videmus
1366 2264 1569 2357 usque
1622 2265 1700 2330 ad
1749 2266 1882 2329 ani-

510 2387 710 2429 mam.

606 2550 726 2613 Sed
791 2549 1087 2639 quamvis
1136 2571 1250 2637 per
1299 2550 1766 2639 experientiam
1818 2549 1882 2611 &

510 2641 723 2709 sensus
757 2659 1055 2708 externos
1103 2643 1400 2708 nondum
1452 2644 1727 2732 amplius
1775 2663 1882 2730 pe-

512 2754 760 2802 netrare
813 2737 1139 2826 pofiimus,
1191 2761 1322 2801 non
1369 2739 1519 2801 inde
1571 2735 1880 2825 sequitur,

511 2834 673 2921 quin
716 2832 879 2896 ratio
930 2831 1115 2920 poffit
1168 2832 1434 2896 ulterius
1495 2831 1604 2907 ire,
1650 2834 1712 2895 ὅς
1763 2851 1884 2917 ope

513 2926 882 3014 geometriae
935 2928 998 2990 &
1043 2922 1475 2990 mechanismi
1524 2939 1657 2989 tam
1708 2938 1886 2987 certo

1646 3016 1879 3080 statue-
