2132 3432
518 254 589 320 ἐξ
621 255 804 342 caustz
814 253 1016 341 finali
1042 252 1381 319 creationis.
1547 273 1615 339 13

255 414 407 455 men
457 388 520 456 se
567 391 894 482 percipere
942 389 1114 479 poffe
1165 391 1228 454 δι’,
1262 389 1494 453 debere
1529 412 1622 452 ar-

254 485 565 551 bitratur:
620 484 929 573 quodque
983 506 1117 548 non
1169 483 1464 572 percipit,
1521 483 1624 547 vel

256 595 327 643 ut
360 578 759 643 irresolubile
811 578 1045 656 statuit,
1081 578 1182 641 vel
1226 576 1479 666 prorsus
1515 600 1627 640 ne-

254 688 384 763 gat,
439 674 541 738 vel
600 673 806 738 verbis
863 669 1276 762 ignotisfimis
1328 671 1625 747 involvit,

256 791 338 832 ne
372 767 643 856 alicujus
675 767 1056 856 ignorantiae
1092 766 1279 854 argui
1329 765 1499 854 poffe
1535 766 1628 827 vi-

257 861 499 926 deatur.
556 866 730 927 Tam
754 859 1092 925 ambitiosa
1114 858 1225 936 est,
1251 873 1322 923 ut
1343 857 1629 948 philoso-

255 955 518 1045 phando
553 955 631 1020 ad
664 955 1141 1046 ignotiffimum
1174 976 1439 1043 pergere
1470 951 1631 1017 sata-

258 1065 388 1139 gat,
440 1051 507 1114 in
559 1074 694 1139 quo
751 1050 1113 1114 terminum
1170 1047 1447 1112 scientiae
1498 1070 1631 1112 non

259 1142 382 1209 suae
416 1159 695 1221 tantum,
724 1141 831 1208 sed
854 1145 1051 1208 etiam
1072 1143 1268 1207 totius
1295 1142 1463 1206 orbis
1490 1140 1632 1231 phi-

262 1235 581 1328 losophici
612 1238 816 1328 ponit.

356 1335 546 1397 Dum
573 1356 754 1398 mens
780 1327 1303 1422 philosophando
1333 1345 1635 1395 naturam

263 1427 542 1503 finitam,
571 1427 838 1533 ejusque
871 1441 1074 1516 partes
1095 1429 1159 1492 &
1194 1441 1410 1490 totum
1438 1426 1636 1488 rima-

265 1537 372 1585 tur
422 1524 487 1587 &
539 1522 875 1611 percurrit,
917 1543 1050 1584 non
1104 1519 1310 1609 potest
1356 1520 1516 1609 quin
1559 1519 1638 1582 ad

170 1697 172 1702 Β
264 1615 744 1704 ignotiffimum
796 1618 860 1680 &
916 1612 1169 1704 prorsus
1235 1613 1638 1678 irresolubile

263 1710 531 1774 tandem
569 1710 925 1799 perveniat,
962 1708 1089 1773 hoc
1131 1709 1240 1785 est,
1277 1709 1354 1772 ad
1404 1707 1637 1774 Infini-

265 1819 412 1868 tum
437 1806 502 1870 &
523 1804 657 1892 ejus
684 1803 1060 1880 effentiam3
1114 1802 1293 1892 quod
1326 1803 1480 1891 quia
1503 1824 1636 1865 non
1726 1794 1859 1857 Qod
1874 1794 1952 1839 Jn-

265 1897 531 1962 finitum
565 1896 675 1976 est,
699 1898 790 1962 ibi
822 1894 1121 1973 subfistit‚
1148 1900 1212 1962 δε
1233 1897 1407 1961 videt
1443 1862 1926 2002 suumssssusshsss

266 1989 664 2057 irresolubile
689 1995 754 2059 &
788 1989 982 2056 suum
1005 1991 1276 2069 nodum,
1300 1992 1407 2056 cui
1443 1989 1637 2054 inhae-
1659 2000 1796 2047 nodus·

267 2101 398 2153 ret:
454 2086 749 2176 dumque
781 2109 895 2175 per
929 2087 1109 2151 mille
1144 2083 1452 2151 scrutinia
1486 2085 1640 2149 alla-

268 2181 453 2246 borat
473 2179 629 2246 scire
651 2181 810 2270 quid
834 2181 1182 2245 Infinitum
1205 2181 1298 2259 fit,
1312 2179 1472 2269 quld
1497 2182 1639 2245 De-

270 2297 342 2339 us
382 2276 697 2354 infinituS,
732 2274 892 2365 quid
934 2275 1059 2339 tale
1108 2275 1288 2363 quod
1338 2275 1468 2338 fine
1513 2273 1643 2337 fine

269 2371 333 2435 δε
367 2370 651 2434 termino
681 2368 1184 2459 concipiendum
1215 2370 1316 2446 fit;
1369 2368 1527 2458 quid
1562 2369 1643 2431 il-

270 2464 410 2543 lud,
447 2463 624 2552 quod
658 2462 1066 2554 philosophia
1098 2479 1411 2552 perpetuo
1451 2463 1643 2553 igno-

272 2573 487 2623 ratura
520 2558 617 2634 fit,
653 2559 845 2647 quale
880 2559 992 2624 fit:
1046 2556 1204 2621 hinc
1246 2574 1465 2622 mente
1500 2558 1644 2621 vol-

274 2653 464 2727 vit,&
490 2654 738 2741 quaerit,
755 2676 836 2717 an
859 2651 986 2716 hoc
1008 2652 1358 2717 Infinitum
1377 2653 1451 2717 fit
1472 2652 1647 2716 idem

278 2768 351 2810 ac
394 2746 716 2824 divinum,
757 2771 837 2811 an
880 2747 955 2810 fit
1005 2746 1247 2835 aliquid
1297 2748 1366 2811 in
1420 2761 1648 2811 natura

278 2839 455 2927 quod
478 2841 825 2906 Infinitum
849 2841 974 2905 dici
996 2842 1206 2929 poffit‚
1223 2863 1302 2904 an
1326 2857 1507 2905 extra
1531 2863 1647 2903 na-

278 2947 514 3012 turam,
542 2958 623 2999 an
662 2958 775 3024 per
809 2950 1109 3000 naturam
1143 2934 1458 3024 indagari,
1495 2956 1651 3023 qua-

1593 3028 1652 3090 le
