2080 3424
518 280 651 344 214
775 261 957 349 >Cap.
995 261 1088 323 II.
1123 258 1226 323 De
1256 258 1635 348 mechanismo

517 394 822 483 utrinque
866 417 900 457 a
944 417 1116 483 quo;
1168 397 1231 460 δε
1265 410 1580 483 quatenus
1614 393 1874 460 effec³tus

516 489 583 551 in
627 511 890 576 corpore
934 487 1146 552 existit
1189 489 1289 553 vel
1335 489 1599 552 existere
1646 490 1873 578 potest,

516 598 706 646 erunt
750 583 1023 646 omnino
1073 581 1228 646 fines
1276 583 1437 646 intra
1491 605 1719 672 corpus
1768 580 1876 647 seu

520 676 743 740 inclufi
779 676 1068 764 corpori:
1123 676 1166 739 fi
1193 675 1370 739 enirn
1398 699 1529 740 non
1559 676 1723 740 foret
1754 679 1880 765 pri-

517 793 663 834 mus
687 773 750 834 ὅτ,
772 769 1039 833 ultimus
1061 769 1203 833 finis
1224 770 1291 831 in
1313 791 1600 858 corpore,
1623 772 1687 836 &
1713 787 1880 835 uter-

518 888 645 952 que
679 864 761 926 fic
795 863 967 950 quafi
1002 859 1284 926 inclusus
1316 865 1380 927 &
1412 861 1612 951 spatio
1656 887 1880 953 corpo-

516 980 624 1020 reo
659 957 980 1043 alligatUS,
1008 971 1164 1020 tunc
1198 956 1416 1020 nullus
1450 956 1710 1021 effectus
1742 981 1880 1046 per-

518 1050 646 1139 cipi
692 1048 891 1139 poffet
933 1048 1069 1113 fieri
1120 1051 1187 1113 in
1237 1072 1526 1138 corpore,
1559 1054 1622 1117 δε
1663 1049 1879 1116 conse-

518 1161 791 1233 quenter
827 1143 1004 1207 nulla
1036 1143 1200 1208 foret
1233 1143 1514 1231 operatio
1546 1145 1773 1208 animae
1813 1147 1880 1210 in

519 1260 770 1327 corpuS,
808 1259 927 1300 nec
979 1238 1264 1327 operatio
1308 1239 1587 1326 corporis
1633 1239 1700 1302 in
1748 1240 1881 1303 ani-

521 1355 724 1409 mam,
753 1332 902 1420 quia
939 1332 982 1395 fi
1018 1332 1095 1395 ab
1130 1331 1345 1394 anima
1377 1333 1640 1396 ulterius
1669 1333 1882 1421 prodi-

521 1442 639 1506 ret,
674 1428 738 1492 &
773 1425 1040 1514 quidem
1075 1441 1253 1488 extra
1286 1447 1538 1514 corpus,
1575 1441 1733 1490 tunc
1768 1425 1882 1492 sta-

520 1520 643 1582 tim
695 1520 973 1607 corporis
1025 1519 1308 1607 operatio
1358 1541 1471 1607 per
1527 1542 1773 1584 nexum
1819 1524 1882 1587 &

521 1614 909 1701 contiguum
956 1627 1136 1676 extra
1181 1612 1467 1676 animam
1513 1613 1591 1677 ad
1625 1614 1881 1679 ulterio-

521 1731 659 1771 rem
695 1708 894 1771 finem
930 1707 1072 1812 iret‚
1101 1709 1164 1771 &
1187 1704 1451 1770 effectus
1486 1730 1565 1771 ex
1606 1723 1882 1797 utroque

521 1802 649 1865 fine
682 1801 1062 1907 proveniens
1111 1823 1241 1864 non
1286 1800 1484 1888 poffet
1527 1800 1662 1865 fieri
1695 1798 1880 1866 senfi-

521 1895 700 1960 bilis
684 1918 750 1959 1n
775 1892 975 1983 spatio
1002 1916 1336 1998 corporeo:
1386 1893 1656 1983 ideoque
1678 1895 1881 1983 quod-

522 2012 783 2077 cunque
818 1986 1176 2052 sentimus
1159 2010 1225 2050 1n
1272 2010 1535 2076 corpore
1569 2004 1881 2076 tanquam

522 2081 827 2145 effectum
886 2106 920 2145 a
975 2081 1423 2169 cooperatione
1481 2084 1759 2187 corporis
1817 2086 1882 2149 ὅτ,

522 2176 770 2252 animae,
798 2176 860 2238 id
896 2173 1123 2238 referet
1156 2172 1217 2237 se
1252 2175 1327 2238 ad
1362 2174 1517 2238 fines
1551 2176 1716 2239 intra
1748 2173 1882 2265 spa-

522 2269 689 2331 tium
740 2268 900 2332 illud
950 2265 1484 2356 comprehensos;
1545 2270 1880 2356 quodcun-

522 2384 648 2450 que
682 2385 833 2425 vero
860 2362 1026 2426 ultra
1050 2362 1282 2449 pergit,
1310 2363 1458 2450 quia
1493 2364 1880 2453 contiguum

524 2471 763 2519 naturae
787 2456 982 2520 totius
1007 2455 1116 2531 est,
1144 2455 1298 2518 hinc
1324 2457 1516 2519 etiam
1544 2473 1758 2522 motus
1785 2459 1880 2523 ul-

522 2564 618 2612 tra
650 2572 763 2638 per
795 2550 1182 2638 contiguum
1229 2546 1290 2612 se
1334 2549 1621 2638 diffipare
1655 2552 1877 2639 potest,

523 2640 628 2706 sed
675 2642 801 2706 hoc
849 2665 979 2706 non
1026 2639 1296 2706 sentitur
1340 2644 1407 2706 in
1453 2662 1739 2732 corpore,
1772 2644 1879 2711 sed

522 2737 697 2824 quod
731 2735 1000 2801 sentitur
1044 2737 1110 2798 in
1153 2758 1439 2824 corpore,
1475 2735 1776 2826 supponit
1807 2740 1878 2804 fi-

523 2853 631 2894 nes
665 2831 829 2895 intra
855 2851 1122 2918 corpus;
1173 2831 1236 2894 &
1267 2832 1442 2918 quod
1475 2830 1630 2895 fines
1658 2833 1777 2896 fint
1809 2835 1876 2898 in

522 2946 786 3012 corpore
832 2921 940 2988 seu
986 2923 1212 2987 inclufi
1258 2921 1457 3012 spatio
1501 2947 1654 2988 cum
1695 2930 1878 2992 omni

1762 3017 1878 3087 suo
