2080 3424
488 248 558 313 &²
588 247 982 335 caustzfinali
1009 247 1347 313 creationis.
1477 269 1600 333 129

233 400 376 450 tum
425 382 671 472 aliquid
721 381 975 447 Infiniti
1019 383 1354 471 possidere,
1391 407 1602 471 quum

232 478 411 543 nulla
463 478 628 540 ratio
682 475 947 539 illorum
1006 477 1141 540 dari
1201 476 1432 565 poffit?
1496 474 1603 541 sed

231 568 488 661 quiesce
552 570 1007 659 aliquantum3
1068 570 1236 647 dico,
1288 571 1602 658 quoniam

231 664 422 731 finale
466 663 805 728 creationis
852 662 943 727 est
985 687 1146 753 pure
1193 664 1494 728 divinum
1540 666 1604 730 δε

232 757 702 848 consequenter
749 758 1112 838 infinitum,
1151 762 1214 824 &
1265 758 1456 822 finale
1490 757 1605 821 ob-

231 854 478 918 tinetur
520 852 985 917 tantummodo
1023 852 1166 940 jam
1214 853 1280 917 in
1329 851 1457 916 hoc
1509 853 1605 916 ul-

232 949 397 1012 timo
431 945 668 1011 effectu
695 943 806 1011 seu
841 945 1151 1023 homine;
1206 970 1361 1035 ergo
1396 944 1606 1035 sequi-

232 1058 339 1107 tur
371 1039 733 1105 secundum
760 1064 1031 1106 omnem
1060 1041 1402 1118 rationem,
1428 1042 1605 1130 quod

234 1138 301 1200 in
347 1135 618 1200 homine
652 1135 898 1224 aliquid
934 1135 1231 1199 divinum
1266 1135 1369 1199 vel
1402 1159 1603 1224 capax

234 1230 440 1295 divini
473 1230 593 1294 effe
628 1229 877 1304 debeat,
915 1230 1066 1294 alias
1101 1230 1291 1293 finale
1327 1252 1458 1294 non
1495 1230 1604 1294 ob-

235 1326 519 1401 tinetur;
572 1321 679 1388 sed
714 1323 861 1388 audi
902 1324 1070 1412 jam,
1108 1325 1173 1387 in
1222 1347 1356 1412 quo
1404 1325 1605 1389 confi-

236 1417 355 1484 stat
375 1418 503 1483 hoc
525 1419 824 1483 divinum
847 1433 960 1482 aut
985 1418 1345 1497 infinitum,
1376 1442 1508 1482 non
1538 1421 1605 1482 in

235 1536 336 1593 e0,
374 1513 552 1601 quod
586 1511 791 1576 homo
835 1512 1076 1576 animal
1124 1513 1197 1576 fit
1230 1516 1294 1578 ὃς
1329 1514 1605 1602 gaudeat

235 1605 536 1684 senfibuS,
552 1630 665 1696 per
679 1629 839 1696 quos
862 1606 1094 1671 delitiis
1109 1608 1456 1671 mundanis
1477 1606 1607 1671 frui.

234 1701 445 1790 poffit,
483 1724 603 1766 nec
638 1701 816 1790 quod
862 1702 1075 1764 anima
1116 1702 1414 1789 gaudeat,
1451 1703 1605 1788 quia

236 1796 344 1860 illa
377 1795 467 1859 est
493 1796 698 1873 finita,
726 1819 870 1885 quae
892 1818 1011 1859 nec
1049 1795 1115 1859 in
1151 1793 1212 1858 se
1240 1795 1486 1885 aliquid
1510 1797 1604 1860 in-

236 1890 404 1954 finiti
497 1889 732 1954 habere
823 1889 1052 1978 potest,
1136 1888 1607 1978 consequenter

235 1983 413 2072 quod
447 2007 568 2048 nec
602 1982 899 2048 confistat
931 1986 999 2048 in
1035 1984 1301 2059 ratione,
1340 2007 1481 2073 quae
1515 1985 1605 2048 est

235 2076 499 2143 effectus
543 2080 775 2143 animae
820 2081 884 2144 ὃς
925 2079 1209 2166 corporis
1258 2097 1605 2167 cooperan-

237 2173 335 2251 tis,
366 2195 519 2237 nam
552 2196 763 2262 quum
799 2173 932 2237 tarn
968 2195 1199 2261 corpus
1234 2197 1435 2261 quam
1471 2175 1605 2237 ani-

238 2290 341 2334 ma
374 2267 493 2332 fint
528 2268 736 2346 finita,
766 2266 1030 2331 effectus
1066 2267 1172 2330 ille
1207 2291 1286 2330 ex
1324 2283 1604 2357 utroque

239 2384 357 2425 nec
389 2362 596 2451 potest
635 2361 756 2426 effe
798 2361 958 2426 alius
991 2383 1191 2450 quam
1234 2361 1475 2441 finitus,
1514 2386 1607 2426 er-

240 2478 325 2544 go
384 2479 504 2520 nec
561 2456 628 2519 in
682 2456 954 2535 ratione,
1014 2457 1185 2519 unde
1239 2455 1455 2520 adhuc
1509 2459 1604 2521 ni-

241 2550 334 2613 hil
411 2550 710 2614 divinum
775 2550 1071 2614 videmus
1143 2551 1210 2614 in
1290 2551 1602 2630 homine;

241 2644 464 2733 quaeris
512 2667 688 2733 ergO,
741 2644 855 2708 ubi
893 2644 1035 2731 jam
1083 2643 1208 2708 hoc
1255 2644 1604 2711 divinum?

243 2737 422 2826 quod
455 2752 672 2803 tamen
709 2738 1129 2803 neceffarium
1167 2738 1279 2813 est,
1317 2754 1390 2804 ut
1435 2741 1605 2804 obti-

244 2847 471 2895 neatur
491 2831 683 2898 finale
705 2831 1004 2896 divinum
1029 2860 1044 2910 3
1099 2832 1302 2897 adeffe
1323 2835 1513 2898 debet
1534 2837 1603 2899 in

244 2922 552 3014 subjec'tO,
585 2926 648 2991 -s1
697 2927 1025 3084 praediclari
1072 2926 1294 3015 poffit:
1348 2924 1455 2991 sed
1506 2926 1606 2992 us-

1480 3046 1607 3110 que
