2080 3424
481 273 551 337 &
584 272 979 358 caustzfinali
1002 271 1343 336 creationis.
1468 295 1490 336 1
1509 296 1542 358 5
1559 296 1590 359 3

229 403 390 472 tioso
448 406 723 471 naturali
778 407 1087 495 poffimus
1144 429 1274 470 non
1329 406 1596 471 indubie

230 500 639 576 concludere,
667 500 745 563 ad
767 523 969 588 quem
994 498 1195 562 finem
1220 516 1428 564 creata
1450 501 1588 567 fint.

231 595 310 657 In
336 595 605 658 homine
640 593 730 657 est
766 594 969 658 fimile
1004 592 1373 657 delitiosum
1407 610 1598 658 natu-

229 689 382 768 rale,
406 688 583 776 quod
606 689 758 777 agit,
782 688 1006 752 incitat
1031 690 1095 752 &
1115 685 1239 752 fert
1264 688 1343 751 ad
1369 711 1596 752 omnes

228 783 385 847 fines
431 783 769 858 naturaleS,
815 780 1060 846 scilicet
1105 797 1176 845 ut
1230 782 1405 846 vivat
1457 796 1595 846 tan-

227 899 429 965 quam
463 876 770 941 dominus
798 876 1064 950 telluriS‚
1102 890 1175 940 ut
1220 872 1282 938 se
1328 877 1595 953 nutriat,

229 986 301 1035 ut
345 967 577 1036 sexum
622 985 957 1060 propaget,
1004 969 1154 1034 dein
1202 970 1473 1046 educat3
1526 971 1595 1033 in

227 1063 531 1128 omnibus
565 1064 687 1128 illis
720 1064 812 1128 est
843 1065 1138 1152 voluptas
1175 1065 1301 1128 five
1336 1064 1595 1128 delitio-

227 1155 374 1222 sum
427 1158 586 1247 quid
639 1160 831 1222 unice
884 1159 1412 1234 incitamentum,
1455 1181 1597 1246 quae

217 1252 358 1340 jam
385 1254 565 1316 venit
592 1250 710 1316 sub
737 1252 1007 1334 nomine
1033 1251 1277 1341 gustus,
1305 1251 1595 1329 olfactuS,

229 1345 418 1423 visus,
443 1346 586 1433 jam
618 1344 736 1411 sub
772 1346 1110 1435 cupidiniS,
1149 1347 1407 1422 amoris,
1445 1346 1598 1411 stor-

227 1463 360 1529 geS‚
385 1441 624 1529 gloriae,
647 1443 712 1507 δε
734 1438 850 1504 sub
873 1441 1164 1529 pluribus
1187 1442 1322 1505 aliis
1350 1442 1551 1505 titulis
1578 1469 1593 1517 ;

228 1558 512 1623 quorum
549 1550 767 1598 tamen
803 1535 1109 1598 omnium
1156 1536 1342 1623 origo
1389 1537 1597 1600 confi-

230 1630 333 1692 stit
362 1630 551 1692 unice
578 1628 644 1692 in
670 1629 1003 1718 voluptate
1031 1629 1138 1692 illa
1165 1633 1229 1695 ὅι
1257 1627 1552 1693 delitioso
1577 1657 1592 1706 ;

228 1725 292 1787 ὃς
318 1723 588 1787 delitiofi
617 1723 683 1786 in
707 1746 948 1799 amore,
974 1724 1036 1786 &
1064 1725 1298 1787 amoris
1325 1723 1391 1786 in
1422 1746 1595 1787 nexu

231 1818 356 1881 five
390 1818 458 1880 in
494 1815 874 1880 harmonice
915 1817 1266 1905 contiguo:
1322 1840 1477 1906 ergo
1521 1819 1598 1881 ad

226 1934 498 1975 omnem
555 1911 755 1974 finem
814 1913 1165 1975 incitamur
1222 1912 1598 1975 naturaliter

227 2028 341 2094 per
386 2003 756 2070 delitiosum
803 2006 988 2093 quid,
1031 2006 1213 2093 cujus
1259 2004 1599 2069 exstinctio

227 2102 291 2165 &
325 2121 498 2163 mors
532 2098 623 2162 est
648 2100 794 2163 ideo
821 2115 954 2163 tam
983 2099 1304 2163 contraria
1331 2116 1591 2165 naturae.

229 2194 584 2258 Veniamus
649 2194 728 2259 ad
785 2193 988 2257 finem
1046 2194 1456 2282 primarium,
1518 2193 1596 2257 ad

230 2310 431 2376 quem
467 2288 664 2352 etiam
698 2311 811 2378 per
845 2278 1219 2352 delitiosum
1260 2289 1417 2375 quid
1461 2311 1598 2376 par-

229 2383 350 2444 tim
374 2379 772 2460 sensibiliter,
801 2382 1034 2471 partim
1062 2405 1192 2445 non
1223 2380 1599 2447 senfibiliter

229 2475 556 2553 ducimur,
593 2499 668 2539 eo
715 2477 805 2540 est
847 2474 1219 2540 delitiosum
1265 2476 1431 2540 illud
1482 2499 1598 2565 pu-

231 2571 381 2647 rius,
405 2570 757 2647 delicatius,
780 2569 1007 2634 fortius
1035 2574 1099 2635 ὃς
1126 2573 1271 2634 actu
1299 2567 1457 2659 saepe
1490 2568 1597 2634 su-

228 2686 453 2752 perans
479 2687 703 2728 omnes
731 2665 1138 2754 reliquorum
1167 2665 1403 2729 finium
1438 2687 1595 2727 cau-

231 2754 323 2820 sas
358 2760 422 2823 &
453 2758 719 2831 delitias,
745 2760 906 2823 inest
935 2759 1114 2822 enim
1141 2759 1200 2821 ei
1227 2782 1424 2822 omne
1458 2781 1596 2846 per-

232 2850 673 2927 fectiffimum‚
691 2853 866 2940 quod
890 2854 956 2916 in
980 2853 1211 2916 delitiis
1228 2852 1346 2916 effe
1370 2849 1596 2940 potest,

230 2944 388 3010 adeo
423 2961 496 3010 ut
531 2946 609 3010 ad
643 2946 834 3011 illum
862 2943 1020 3034 saepe
1043 2946 1310 3011 tendant
1343 2967 1455 3035 per
1489 2967 1596 3008 ex-

918 3042 983 3104 K
1022 3063 1058 3127 5
1439 3037 1594 3101 stin-
