2080 3424
477 230 600 274 102
798 211 952 300 Cap.
991 215 1046 277 I.
1088 213 1186 277 De
1221 214 1469 302 Infinita

466 341 654 418 nihil,
680 367 891 432 quum
926 361 1145 411 tamen
1181 349 1294 436 ipfi
1331 346 1545 413 sensus
1571 352 1635 415 δε
1669 349 1832 413 ratio

466 437 786 514 dictitent,
813 440 1075 504 finitum
1102 442 1223 506 effe
1249 442 1515 530 aliquid,
1544 446 1607 509 &
1630 444 1698 506 in
1725 467 1828 506 re-

465 530 684 620 spectu
733 532 812 595 ad
858 549 1001 598 tuos
1041 533 1256 599 sensus
1303 552 1438 600 tam
1484 561 1828 625 magnum,

466 642 538 688 ut
589 625 738 689 inde
791 626 979 691 facias
1033 628 1471 706 indefinitum,
1512 633 1830 720 praecipue

464 743 693 807 quum¹
741 723 1025 810 concipis
1084 722 1460 789 universum
1517 724 1825 792 finitum:

463 835 618 901 ergo
675 837 787 901 per
844 817 1329 880 conclusionem
1389 822 1831 907 argumentari

462 905 740 994 poffum,
771 909 949 996 quod
983 911 1128 973 ideo
1155 911 1420 975 finitum
1455 936 1589 976 non
1628 914 1700 977 fit
1734 914 1829 977 ni-

462 1001 578 1077 hil,
607 1003 904 1089 quamvis
939 1002 1283 1092 respective
1312 1006 1388 1068 ad
1416 1006 1668 1070 infinite
1697 1031 1830 1071 ma-

462 1096 721 1158 ximum
751 1096 825 1159 fit
852 1097 1041 1163 nihil:
1080 1122 1248 1186 pone
1275 1098 1651 1164 universum
1678 1101 1829 1165 fini-

463 1203 630 1265 tum,
672 1192 735 1255 &
780 1192 846 1253 in
894 1191 1057 1255 illud
1103 1191 1396 1256 diffunde
1441 1197 1506 1259 ὃς
1551 1195 1830 1258 extende

462 1283 949 1370 cogitationem,
986 1289 1049 1351 δε
1085 1301 1219 1349 tam
1263 1287 1387 1350 late
1435 1304 1506 1352 ut
1551 1285 1827 1376 usquam

460 1377 672 1464 poffiS,
715 1381 778 1442 δε
831 1377 979 1442 dein
1038 1379 1314 1443 extende
1360 1383 1828 1470 cogitationem

462 1486 642 1534 extra
678 1470 1056 1536 universum
1098 1473 1388 1556 finitum,
1425 1479 1489 1541 δε
1531 1477 1824 1566 concipe,

463 1587 595 1627 non
631 1567 830 1629 modo
864 1565 998 1630 dari
1041 1567 1212 1656 poffe
1257 1569 1380 1633 tale
1429 1568 1826 1646 universum,

462 1675 788 1746 quantum
814 1660 931 1723 tibi
952 1661 1348 1750 imaginariS,
1374 1661 1479 1727 sed
1510 1664 1659 1728 talia
1686 1665 1828 1728 uni-

462 1750 635 1816 versa
673 1752 1028 1831 indefinite,
1061 1757 1213 1844 quia
1249 1758 1314 1819 in
1351 1757 1684 1822 infinitum
1716 1781 1828 1846 po-

463 1861 552 1910 tes
588 1848 927 1935 concipere
962 1850 1136 1936 quafi
1172 1850 1296 1913 tale
1325 1850 1504 1939 quid,
1541 1874 1696 1939 ergo
1733 1853 1827 1915 in-

463 1939 540 2003 de
586 1964 716 2004 non
763 1958 941 2028 potes
987 1943 1401 2021 concludere,
1451 1943 1826 2009 universum

460 2034 560 2097 vel
597 2051 844 2122 partem
881 2036 1014 2122 ejus
1041 2035 1159 2098 effe
1189 2037 1373 2112 nihil,
1403 2039 1699 2126 quamvis
1733 2063 1827 2102 re-

460 2124 735 2215 spective
761 2127 839 2190 ad
861 2129 1112 2192 infinite
1136 2131 1506 2195 maximum
1530 2132 1604 2195 fit
1626 2132 1823 2210 nihil;

461 2220 616 2284 hinc
650 2220 846 2284 velim
882 2245 964 2286 ne
999 2239 1060 2285 te
1100 2223 1477 2298 confundas,
1517 2249 1635 2289 nec
1681 2227 1826 2291 ideo

460 2315 780 2402 concipias
846 2314 1195 2380 Infinitum
1262 2334 1574 2406 tanquam
1634 2320 1824 2396 nihil,

461 2408 613 2495 quia
640 2408 706 2471 in
728 2409 1017 2472 minimis
1046 2411 1162 2473 tibi
1182 2412 1703 2500 repraesentatum
1732 2439 1825 2479 re-

460 2503 733 2590 lpective
768 2501 845 2565 ad
877 2502 1140 2567 finitum
1174 2507 1239 2569 δε
1286 2506 1363 2569 ad
1407 2506 1577 2570 finiti
1619 2508 1825 2573 fimile

460 2595 549 2658 est
585 2610 655 2658 ut
691 2595 882 2675 nihil,
919 2621 1126 2685 quum
1168 2598 1340 2663 idem
1385 2601 1571 2688 poffis
1615 2601 1824 2666 dicere

460 2688 538 2752 de
578 2705 693 2753 tuo
738 2690 924 2753 finito
969 2689 1316 2780 respective
1361 2693 1439 2757 ad
1485 2695 1822 2759 infinitum

460 2783 527 2845 in
557 2784 860 2847 maximis
884 2783 1436 2874 repraesentatum3
1476 2789 1650 2852 unde
1671 2812 1824 2853 con-

459 2876 717 2940 cludere
759 2894 965 2966 poteS,
1007 2877 1113 2943 sed
1157 2902 1573 2970 nequaquam
1619 2880 1821 2958 finite,

1643 2976 1822 3064 quod

2064 1934 2080 2325 -.Αὒ·““.’μ“-ι
2071 1889 2080 1918 A
2076 1868 2080 1876 .
2070 1772 2080 1855 A-.-
2071 1718 2080 1758 .a.
