2080 3424
497 215 585 279 94
841 192 990 280 Cap.
1035 193 1091 255 I.
1128 191 1234 256 De
1266 189 1509 279 Irqfinito

494 328 768 416 cipiunt,
798 329 861 392 &
895 327 1047 415 quia
1081 324 1295 391 sensus
1315 329 1378 392 δε
1399 341 1664 416 captum
1687 324 1856 388 vide-

493 437 598 485 tur
631 418 990 500 ascendere,
1015 420 1115 484 vel
1149 421 1303 509 quia
1323 419 1671 509 cogitando
1693 418 1857 483 illud

494 515 710 579 minus
732 511 1078 602 minusque
1099 514 1175 577 ab
1210 514 1332 578 illis
1366 515 1536 578 finiri
1569 512 1739 602 pofi‘e
1765 513 1858 575 vi·

493 609 739 685 derent,
769 608 924 672 hinc
946 606 1319 672 universum
1349 607 1719 671 maximum
1740 630 1858 695 pu-

492 717 703 766 tarant
735 700 853 766 effe
889 703 1135 778 Deum,
1163 700 1509 790 praesertim
1543 723 1752 790 quum
1789 702 1857 764 in

492 794 555 859 se
589 799 772 860 aucta
821 794 1016 859 fuerit
1051 795 1391 859 admiratio
1438 818 1551 883 per
1599 817 1857 884 compa-

493 892 812 954 rationem
848 912 1002 952 cum
1037 889 1224 953 rebus
1258 905 1393 954 tam
1428 889 1605 952 miris
1626 891 1689 953 &
1716 888 1858 952 har-

492 985 766 1048 monicis
801 983 868 1047 in
907 980 1122 1046 nostro
1162 984 1438 1058 mund0‚
1475 1006 1605 1070 qua
1638 983 1854 1060 situm,

491 1078 772 1166 figuram
796 1081 859 1142 &
883 1092 1174 1142 motum:
1215 1077 1323 1141 alii
1344 1099 1496 1140 vero
1517 1099 1714 1139 omne
1736 1077 1856 1140 mi-

493 1173 753 1235 nimum
781 1171 1001 1234 dixere
1027 1168 1218 1234 suum
1249 1173 1498 1245 Deum,
1527 1193 1607 1234 ex
1631 1169 1857 1233 eadem

491 1263 677 1329 causa
710 1263 951 1329 scilicet
979 1287 1059 1327 ex
1083 1263 1507 1328 admiratione
1530 1278 1641 1328 aut
1673 1265 1857 1352 igno-

491 1361 697 1423 rantia
730 1358 920 1447 quale
966 1359 1062 1436 fit,
1098 1359 1413 1446 praecipue
1459 1381 1667 1446 quum
1715 1381 1856 1422 me-

491 1452 706 1516 diante
761 1453 1007 1516 ratione
1061 1452 1184 1515 tale
1236 1452 1490 1516 videtur
1539 1453 1742 1541 magis
1794 1455 1857 1518 δε

490 1547 698 1635 magis
725 1547 802 1609 ad
837 1545 1251 1609 indefinitum
1279 1545 1596 1622 accedere,
1622 1547 1746 1610 five
1779 1546 1856 1610 ad

490 1641 617 1705 tale
651 1639 828 1729 quod
862 1655 1126 1728 captum
1162 1637 1453 1728 superet:
1508 1641 1614 1704 alii
1647 1641 1855 1704 credi-

490 1733 714 1798 derant
749 1733 1016 1822 quidem
1070 1736 1294 1798 Deum
1327 1734 1447 1798 effe
1497 1735 1855 1809 infinitum,

491 1826 598 1891 sed
633 1843 704 1891 ut
750 1827 1131 1916 qualitatem
1180 1827 1313 1914 ejus
1357 1826 1698 1917 potuiffent
1742 1827 1856 1892 fibi

490 1922 756 2009 fingere,
780 1936 1160 2009 putaverant
1194 1921 1384 1984 illurn
1413 1919 1476 1984 se
1508 1920 1759 2000 finiiffe,
1784 1923 1856 1986 fi-

490 2038 567 2078 ve
601 2013 663 2078 se
699 2015 960 2079 finitum
1011 2013 1243 2090 fecisse,
1278 2017 1342 2080 &
1393 2016 1475 2078 fic
1523 2016 1854 2080 mundum

489 2107 826 2183 creaviffe3
910 2109 1027 2196 qui
1076 2108 1118 2170 fi
1169 2109 1557 2196 putaverint,
1608 2110 1854 2183 omnia,

489 2224 632 2289 quae
666 2202 732 2265 in
769 2201 1165 2265 naturalibus
1209 2202 1348 2278 fint,
1383 2202 1503 2266 effe
1538 2225 1617 2266 ex
1667 2201 1856 2267 causa

491 2295 746 2359 infinita
780 2292 889 2358 seu
925 2295 1003 2358 ab
1039 2294 1318 2369 infinito,
1354 2299 1418 2361 &
1454 2295 1855 2386 consequen-

490 2403 587 2452 ter
639 2388 766 2451 hoc
816 2385 1103 2477 respectu
1158 2388 1278 2451 effe
1325 2412 1484 2478 opus
1529 2391 1852 2470 divinum,

491 2505 622 2545 non
661 2481 1142 2558 aberraviffent3
1198 2480 1375 2547 secus
1414 2507 1587 2561 vero,
1625 2485 1668 2548 fi
1704 2486 1854 2548 inde

490 2572 947 2653 concluserint,
986 2576 1248 2640 finitum
1293 2580 1357 2643 ὅς
1404 2593 1701 2642 naturam
1735 2579 1855 2642 effe

492 2672 741 2748 Deum,
779 2673 843 2735 &
877 2693 1074 2734 omne
1102 2670 1185 2733 fic
1219 2671 1286 2733 in
1322 2686 1561 2735 naturae
1595 2672 1855 2736 arbitrio

490 2763 667 2840 stare,
707 2764 789 2828 fic
822 2763 894 2827 fit
940 2763 1115 2827 idem
1150 2786 1305 2827 cum
1341 2766 1710 2830 adoratione
1744 2789 1855 2829 na-

489 2873 663 2922 turae.
766 2858 902 2922 Alii
954 2872 1255 2946 putarant
1306 2858 1389 2922 fic
1457 2861 1680 2924 Deum
1733 2861 1854 2923 effe

1655 2976 1854 3017 omne
