2080 3424
444 245 514 308 &
546 242 726 330 caustz
734 243 935 330 finali
960 242 1297 308 creationis.
1462 265 1504 333 7
1514 263 1547 330 5

193 381 239 444 li
265 380 420 444 illuc
441 380 777 444 translatus
800 402 912 468 per
935 380 1203 468 parietes
1232 379 1552 442 membra-

195 497 416 538 naceos
451 473 800 561 labyrinthi
833 496 1076 562 perque
1111 495 1325 535 aerem
1359 473 1552 535 inter-

194 568 523 631 medium
507 590 573 631 1n
602 589 1003 655 unoquoque
1024 566 1230 630 canali
1258 588 1552 629 momen-

192 675 259 724 to
293 660 486 739 adest,
523 661 873 751 figiturque
907 665 968 725 ὃς
1003 659 1230 748 incipit
1278 659 1554 748 quilibet

191 755 258 816 in
308 753 419 819 sua
454 713 749 818 distantia
784 755 862 819 ab
908 755 1190 832 orificiis,
1227 751 1552 842 serpitque

193 850 498 936 utrinque
547 846 761 913 versus
808 848 1095 924 orificia3
1164 862 1367 936 utque
1425 846 1552 910 hoc

190 939 419 1006 sentiat
453 943 691 1022 anima,
717 943 1018 1007 nervulus
1044 964 1123 1006 ex
1159 943 1295 1030 pari
1321 940 1555 1030 quinto

191 1035 375 1099 molli
432 1038 747 1126 percurrit
799 1058 1045 1111 omneS,
1097 1036 1212 1124 qui
1259 1032 1552 1098 conscius

190 1127 330 1193 soni
365 1130 683 1194 articulati
718 1134 781 1196 ὃς
809 1130 888 1194 ad
922 1129 1091 1194 hanc
1116 1130 1219 1193 vel
1253 1128 1432 1192 illam
1460 1127 1552 1191 di-

193 1222 489 1288 stantiam
538 1228 602 1290 &
647 1222 1115 1313 consequenter
1159 1222 1552 1287 celeritatem

193 1319 378 1394 moti,
414 1317 617 1382 defert
650 1318 839 1383 illum
873 1341 985 1407 per
1018 1340 1294 1382 nervum
1334 1332 1553 1381 totum

191 1410 584 1475 auditorium
614 1415 678 1478 ὃς
713 1413 797 1476 fic
823 1412 889 1476 in
915 1413 1276 1489 cerebrum,
1303 1411 1554 1474 medul-

189 1505 322 1568 lam
375 1506 819 1595 oblongatam,
866 1507 943 1569 ad
997 1504 1197 1595 ipsam
1237 1506 1547 1569 animam.

192 1601 289 1662 Ut
328 1599 541 1664 adhuc
585 1601 979 1664 articulatius
1026 1600 1415 1690 percipiatur
1452 1596 1552 1662 so-

191 1692 556 1770 nuS,addita
578 1695 772 1758 etiam
788 1693 876 1757 est
899 1694 1164 1758 cochlea
1180 1693 1258 1756 ad
1280 1715 1548 1756 omnem

192 1785 713 1852 mechanismum
749 1788 1209 1852 harmonicum
1248 1785 1548 1864 formata,

187 1877 553 1969 serpentino
587 1882 785 1946 modo
820 1879 881 1945 se
915 1883 1164 1946 circum
1200 1878 1390 1944 suum
1429 1902 1554 1943 nu-

189 1974 405 2038 cleum
435 1976 714 2054 flecken&
738 1976 1015 2040 circulus
1050 1973 1291 2064 spiralis
1317 1973 1395 2038 ab
1423 1995 1553 2037 una

188 2083 364 2156 parte
408 2070 598 2134 latior
641 2071 754 2149 est,
798 2070 876 2134 ab
923 2070 1119 2134 altera
1162 2092 1275 2159 per
1320 2066 1553 2157 gradus

189 2163 556 2250 angustior;
609 2165 766 2229 adeo
801 2179 872 2228 ut
907 2163 1073 2227 nihil
1116 2164 1184 2227 in
1219 2160 1377 2227 sono
1417 2161 1554 2225 dari

188 2257 394 2344 poffit,
439 2259 616 2346 quod
667 2281 800 2323 non
851 2257 1088 2322 habere
1133 2271 1329 2347 queat
1368 2253 1553 2319 suam

191 2349 553 2415 distantiam
588 2367 698 2415 aut
741 2368 1067 2430 centrum,
1104 2353 1220 2416 ubi
1262 2350 1550 2440 incipiat,

191 2446 254 2508 δε
320 2444 552 2508 abinde
616 2445 693 2510 ad
759 2447 1238 2510 extremitatem
1303 2458 1551 2534 pergat,

190 2559 412 2602 omnes
445 2539 623 2602 enim
658 2540 1086 2605 dimenfiones
1121 2538 1390 2603 adsunt:
1441 2560 1554 2628 pa-

190 2630 343 2693 riter
376 2646 449 2695 ut
498 2629 690 2698 sonus
740 2633 926 2698 altior
967 2637 1030 2700 &
1081 2634 1268 2698 altior
1317 2633 1451 2711 fiat,
1486 2633 1551 2697 ὅτ,

189 2724 661 2811 progrediendo
697 2751 731 2791 a
765 2729 1045 2792 termino
1080 2727 1158 2792 ad
1192 2728 1551 2791 terminum

191 2814 403 2881 versus
460 2816 801 2885 fenestram
855 2823 1203 2887 rotundam
1261 2819 1553 2885 intenda-

192 2926 323 2976 tur:
354 2910 545 2976 illum
567 2915 758 2979 etiam
784 2916 851 2980 in
874 2916 1070 2980 finem
1087 2914 1421 2980 estcanalis
1442 2912 1553 2976 hic

1351 3009 1554 3073 diver-
