2080 3424
426 262 496 325 δέ’
527 261 711 348 caustz
726 261 921 345 finali
947 260 1288 326 creationis.
1415 285 1436 326 1
1454 284 1540 351 07

271 401 368 463 Ut
401 399 619 486 itaque
653 398 770 462 fibi
803 397 930 462 hoc
971 398 1224 462 evolvat
1269 401 1333 464 &
1379 422 1540 463 eno-

177 491 307 572 det,
344 493 568 580 quaerit
600 492 917 580 primum,
955 515 1034 555 an
1074 515 1188 580 per
1221 493 1542 556 rationem

175 583 316 649 sciri
335 586 721 673 poffit,num
747 585 1092 650 Infinitum
1117 586 1190 649 fit
1211 584 1399 649 causa
1422 589 1542 649 im-

176 679 450 743 mediata
471 679 574 743 vel
598 703 762 743 num
790 679 1070 744 mediata
1091 679 1296 743 finiti?
1330 703 1542 768 quum

174 773 301 836 hoc
345 774 716 837 ruminatur
760 775 823 837 ὅτ,
869 775 1031 837 ratio
1077 773 1211 860 ejus
1255 771 1544 862 philoso-

174 866 363 956 phica
398 865 855 955 perscrutatur,
887 868 1060 932 videt
1095 866 1333 947 statim,
1363 867 1543 956 quod

174 958 534 1024 secundum
569 984 840 1025 omnem
875 963 1196 1026 rationem
1241 985 1372 1026 non
1408 960 1543 1025 dari

173 1055 360 1143 poffit
388 1055 649 1143 aliquod
677 1056 973 1119 medium
1002 1058 1169 1120 inter
1195 1056 1543 1120 Infinitum

174 1149 722 1238 &·primitivum,
766 1150 810 1213 fi
855 1151 1034 1213 enim
1083 1150 1379 1214 medium
1431 1147 1542 1213 seu

173 1241 359 1306 causa
401 1242 803 1320 intermedia,
841 1244 941 1307 vel
989 1242 1155 1308 foret
1201 1245 1311 1309 illa
1355 1241 1542 1308 causa

175 1335 423 1400 infinita
447 1339 511 1402 &
532 1338 616 1401 fic
638 1336 932 1401 distincta
955 1362 989 1402 a
1011 1338 1226 1427 primo
1251 1337 1542 1415 InfinitO,

175 1430 353 1518 quod
397 1447 621 1495 contra
675 1432 1021 1495 Infinitum
1068 1431 1255 1509 foret,
1306 1449 1376 1496 ut
1423 1433 1545 1496 sint

175 1527 306 1588 duo
342 1525 624 1601 Infinita,
652 1549 862 1590 unum
899 1524 1086 1590 causa
1121 1527 1401 1600 alteriUS,
1427 1527 1543 1590 nifi

176 1642 306 1705 qua
351 1619 745 1683 infinitatem
793 1620 915 1683 fint
957 1644 1168 1684 unum
1217 1623 1277 1684 &
1324 1620 1545 1684 idem?

175 1713 276 1775 vel
311 1711 477 1777 foret
511 1711 698 1778 causa
732 1712 913 1776 finita
941 1717 1003 1778 ὅς
1031 1714 1115 1777 fic
1143 1713 1436 1778 distincta
1466 1715 1544 1778 ab

175 1803 302 1869 hoc
337 1807 542 1883 finito,
568 1810 631 1873 &
668 1804 1140 1896 consequenter
1170 1808 1435 1872 finitum
1472 1825 1545 1872 ut

174 1901 371 1989 priuS,
428 1902 607 1990 quod
660 1900 828 1965 foret
881 1902 1319 1990 multiplicare
1374 1904 1546 1966 entia

177 2011 401 2081 praeter
468 1996 926 2074 neceffitatem,
987 2019 1142 2060 nam
1209 1998 1543 2085 quaeritur,

178 2112 339 2152 num
375 2090 587 2178 aliqua
626 2087 814 2154 causa
849 2089 1234 2154 intermedia
1271 2093 1344 2155 fit
1379 2092 1547 2155 inter

178 2183 527 2247 Infinitum
567 2187 631 2249 ἂ
664 2184 1124 2272 primitivum?
1173 2186 1415 2274 cogitat
1451 2201 1548 2249 et-

178 2278 330 2353 iam,
357 2301 519 2341 num
547 2279 685 2342 dari
709 2278 897 2367 poffit
924 2275 1111 2342 causa
1139 2279 1548 2356 intermedia,

177 2393 318 2458 quae
351 2372 689 2461 participet
721 2373 800 2436 de
834 2372 1105 2436 Infinito
1141 2376 1204 2438 ὃς
1247 2374 1434 2438 finito
1485 2375 1553 2436 fi-

180 2465 347 2543 mul,
383 2466 559 2554 quod
606 2482 824 2530 tamen
869 2489 1027 2530 mox
1073 2467 1300 2554 rejicit,
1340 2491 1551 2557 quum

179 2558 533 2623 confiderat
560 2559 933 2640 Infinitum,
958 2563 1133 2649 quod
1157 2560 1423 2626 finitum
1448 2563 1548 2625 vel

181 2652 538 2717 minimum
574 2654 674 2718 vel
710 2655 1082 2718 maximum
1131 2655 1400 2720 Infinito
1435 2657 1547 2719 ad-

182 2744 422 2808 haerens
477 2745 642 2811 foret
692 2749 937 2837 aequale
988 2747 1218 2826 nihilo,
1262 2750 1421 2813 adeo
1477 2765 1547 2813 ut

182 2837 457 2902 debeant
490 2841 610 2905 effe
646 2841 778 2905 duo
817 2840 1150 2919 distincta3
1204 2867 1415 2932 quum
1463 2844 1547 2906 fic

182 2931 381 3011 videt,
406 2934 582 3021 quod
607 2958 738 2999 non
769 2935 903 2999 dari
930 2936 1118 3025 poffit
1139 2935 1326 3001 causa
1348 2937 1548 2999 inter-

1335 3030 1548 3093 media
