2080 3424
385 290 742 381 operationis
774 291 994 357 animae
1029 291 1098 356 &³
1130 291 1413 381 corporis.
1478 314 1606 381 243

245 426 516 492 statuere
538 430 602 493 δε
621 426 1009 491 concludere
1032 450 1104 491 ac
1125 427 1238 514 ipfi
1263 425 1478 492 sensus
1504 451 1611 491 ex-

243 523 432 598 terni,
466 522 782 611 praecipue
816 521 862 584 fi
898 521 974 584 ab
1019 519 1256 584 effeetu
1291 522 1482 586 fimul
1515 545 1608 586 ra-

245 617 630 679 tiocinetur:
705 636 917 702 quum
966 615 1183 703 itaque
1217 615 1611 680 membranae

242 709 559 773 craffiores
594 708 941 773 tendantur
984 732 1019 772 a
1058 708 1318 796 liquidis
1353 709 1608 774 craffio-

242 803 438 880 ribus,
487 827 521 866 a
554 801 890 891 sanguine,
925 825 1091 891 aque
1126 802 1252 865 alio
1287 801 1606 881 humore3

241 900 306 963 &
333 921 543 985 quum
569 897 805 960 dentur
829 895 1024 960 etiam
1046 896 1440 960 membranae
1466 895 1610 965 sub-

240 991 502 1065 tiliores,
557 1013 698 1080 quae
746 990 980 1079 pariter
1025 987 1207 1053 suam
1252 990 1609 1055 tensionem

239 1086 634 1174 peculiarem
669 1084 904 1149 habere
933 1083 1227 1161 debeant,
1259 1099 1331 1148 ut
1365 1083 1609 1149 scilicet

242 1180 287 1243 fi
340 1181 686 1243 tendantur
726 1202 761 1242 a
799 1179 1142 1242 communi
1194 1180 1606 1267 expansione,

239 1273 418 1361 quod
452 1275 650 1338 etiam
681 1288 886 1362 partes
920 1272 1182 1337 illarum
1208 1273 1296 1335 ita
1330 1273 1453 1336 fint
1485 1273 1605 1337 dis-

237 1368 469 1456 pofitae,
509 1382 581 1431 ut
613 1366 1026 1456 aequaliffime
1059 1365 1427 1444 tendantur,
1451 1390 1603 1431 con-

238 1458 580 1549 sequenter
613 1461 790 1550 quod
830 1460 1092 1549 aliquod
1131 1459 1460 1548 liquidum
1497 1477 1608 1526 aut

238 1555 517 1619 fluidum
541 1555 639 1633 fit,
663 1555 840 1644 quod
865 1553 1076 1630 faciat,
1103 1569 1173 1617 ut
1192 1555 1605 1642 aequaliffime

237 1649 416 1713 tendi
447 1648 703 1739 poffint,
738 1651 802 1715 δε
829 1649 895 1711 in
929 1645 1040 1712 sua
1072 1648 1358 1712 tenfione
1392 1649 1480 1712 ita
1512 1672 1607 1713 re-

238 1766 518 1820 manere,
572 1758 644 1807 ut
703 1757 916 1808 motus
955 1757 1236 1830 receptos
1280 1744 1608 1831 aequaliter

236 1860 349 1926 per
374 1835 435 1901 se
461 1837 823 1901 diffundere
844 1850 1087 1925 queant
1115 1862 1128 1899 :
1182 1858 1262 1898 ex
1288 1836 1516 1902 visibili
1542 1840 1606 1903 δε

237 1954 271 1994 a
306 1931 538 2019 majori
562 1933 638 1996 ad
673 1931 988 1995 invifibile
1016 1933 1079 1995 ὅτ,
1107 1930 1321 1994 minus
1344 1931 1606 1995 conclu-

238 2025 386 2090 dere
420 2025 686 2090 indubie
719 2025 890 2102 licet,
920 2023 1098 2112 quod
1131 2023 1328 2088 etiam
1354 2025 1427 2088 s1t
1463 2026 1605 2089 flui-

238 2121 399 2184 dum
435 2121 571 2184 illas
605 2118 961 2209 specialiter
997 2118 1295 2193 tendens;
1355 2122 1418 2184 δι
1452 2122 1605 2207 quia

236 2211 652 2279 subtiliffimae
683 2214 918 2277 dantur
961 2212 1375 2291 membranae‚
1428 2214 1604 2302 quod

238 2308 516 2396 ideoque
550 2306 1034 2373 subtilissimum
1069 2306 1296 2370 debeat
1323 2307 1441 2371 effe
1464 2306 1603 2371 flui-

237 2404 423 2481 dum,
478 2402 635 2466 adeo
677 2417 748 2466 ut
799 2401 1003 2466 fimile
1053 2401 1120 2463 in
1162 2401 1367 2466 fimile
1417 2402 1603 2490 poffit

234 2496 521 2585 operari;
571 2495 805 2560 exinde
855 2519 987 2559 non
1034 2510 1351 2583 repugnat
1400 2518 1599 2584 expe-

234 2591 477 2655 rientiae
520 2585 821 2653 sensuum
867 2604 1311 2665 externorum,
1349 2612 1468 2653 nec
1508 2613 1602 2652 re-

237 2699 487 2774 pugnat
520 2680 987 2759 mechanismo,
1018 2705 1136 2746 nec
1171 2699 1487 2771 repugnat
1514 2681 1602 2745 ef-

236 2778 533 2856 feetibuS,
558 2775 665 2841 sed
687 2774 1192 2841 consentaneum
1220 2774 1310 2839 est
1344 2777 1486 2839 ideo
1510 2799 1603 2839 ra-

237 2872 425 2949 tioni,
469 2870 647 2958 quod
692 2871 890 2934 etiam
934 2867 1351 2933 subtiliffimae
1397 2893 1602 2933 mem-

236 2967 448 3030 branae
481 2963 829 3030 tendantur
864 2987 898 3027 a
932 2963 1133 3027 fluido
1166 2961 1595 3028 subtilissimo,

845 3059 1000 3146 Qz
1519 3059 1603 3123 Et
