2080 3424
463 250 534 315 ἔθ’
567 248 750 335 calfit
759 249 960 337 finali
983 248 1324 315 creationis.
1490 271 1522 337 3
1542 271 1564 312 1

211 385 362 450 inde
440 384 887 473 provenientia
961 398 1151 448 tantae
1220 382 1576 448 harmoniae

212 480 354 556 fint,
390 492 463 542 ut
510 501 644 542 non
686 477 884 542 modo
929 478 1274 553 elementa,
1319 478 1574 555 mundi,

208 572 490 651 tellureS,
515 568 622 636 sed
641 569 829 661 super
848 571 984 636 illas
1013 587 1148 635 tam
1169 570 1338 635 vasta
1359 574 1423 637 &2
1443 569 1576 660 spe-

208 664 378 731 ciosa
405 689 623 755 regna,
652 680 726 729 ut
745 665 1125 755 vegetabile,
1150 666 1428 730 animale
1449 668 1569 732 &a

207 776 344 825 tam
394 760 707 849 stupendo
739 762 804 825 δε
853 760 1044 825 fimul
1096 775 1231 824 tam
1282 757 1577 824 delitioso

207 854 432 919 ordine
459 857 522 919 δι
548 870 771 918 tenore
798 854 1194 920 exstiterint:
1251 853 1416 918 nihil
1451 854 1577 918 tale

205 947 354 1013 casu
404 949 617 1037 potuit
661 946 951 1026 existere,
1003 949 1119 1012 nifi
1170 947 1338 1012 foret
1377 971 1577 1012 omne

208 1043 358 1107 inde
386 1040 776 1131 subsequens
802 1040 976 1106 casui
1009 1043 1213 1108 fimile
1235 1046 1299 1109 &
1320 1043 1451 1106 fine
1478 1065 1576 1107 or-

208 1137 380 1214 dine,
415 1160 570 1225 ergo
605 1136 712 1200 hic
747 1133 924 1201 casus
960 1160 1090 1201 non
1119 1138 1408 1225 quadrat.
1512 1137 1577 1200 Si

207 1230 375 1295 dicat
410 1255 542 1296 non
577 1254 659 1295 ex
691 1229 863 1310 casu,
889 1228 995 1295 sed
1015 1254 1096 1294 ex
1133 1232 1350 1295 fimilis
1385 1231 1578 1295 fimili

208 1325 528 1403 exstitisse,
570 1340 858 1390 remanet
903 1323 1106 1414 usque
1150 1326 1326 1390 idem
1371 1326 1576 1390 nodus

207 1422 271 1485 δε
304 1419 481 1484 idem
515 1417 940 1496 irresolubile3
996 1422 1240 1485 UNDE
1274 1420 1482 1485 illud?
1532 1421 1575 1484 fi

206 1515 446 1578 iterum
487 1514 674 1590 dicat,
729 1514 905 1602 quod
950 1537 1031 1577 ex
1081 1512 1183 1592 se;
1244 1513 1350 1578 sed
1404 1515 1577 1578 unde

210 1606 424 1697 quaeso
445 1610 676 1674 TALE
695 1608 995 1672 finitum?
1044 1610 1342 1683 Accedit,
1368 1610 1411 1673 fi
1435 1609 1577 1672 fini-

207 1717 352 1766 tum
368 1704 463 1780 fit,
489 1702 664 1792 quod
686 1702 806 1766 effe
829 1701 1053 1766 debeat
1075 1718 1349 1792 tempus,
1373 1726 1578 1791 quan-

209 1796 293 1861 do
328 1797 590 1860 finitum
620 1796 719 1874 fit,
744 1819 897 1885 ergo
921 1812 1173 1886 tempus
1201 1797 1342 1871 erit,
1367 1800 1429 1862 &
1452 1797 1577 1861 ori-

207 1914 294 1980 go
319 1917 335 1968 ;
389 1891 433 1955 fi
464 1914 544 1955 ex
571 1888 635 1954 se
657 1891 758 1956 vel
794 1887 968 1965 casn,
993 1914 1193 1979 quare
1219 1914 1349 1954 non
1379 1892 1575 1980 priu8,

206 2008 420 2074 quum
471 1986 644 2074 prius
697 1999 831 2048 tam
878 1984 1041 2048 bene
1088 2009 1290 2074 quam
1343 1986 1411 2048 in
1462 1986 1577 2051 illo

207 2094 498 2168 tempore
531 2079 686 2144 oriri
717 2077 1057 2168 potuiffet:
1119 2103 1274 2169 ergo
1326 2103 1445 2144 nec
1495 2080 1578 2143 fic

208 2173 384 2237 videt
434 2187 734 2237 naturam
784 2173 1182 2262 primitivam
1229 2197 1309 2237 ex
1356 2171 1418 2238 se
1466 2197 1578 2263 po-

208 2267 389 2331 tuiffe
415 2267 680 2332 existere
705 2294 721 2344 3
776 2267 1038 2332 tandem
1066 2267 1399 2333 concludit
1420 2291 1577 2333 cum

207 2362 481 2437 ratione,
517 2363 671 2451 quia
705 2361 871 2426 nihil
907 2362 1074 2426 finiti
1109 2363 1210 2426 vel
1255 2363 1461 2427 fimile
1494 2363 1574 2427 fi-

209 2458 348 2520 nito
370 2457 524 2520 oriri
545 2455 750 2545 potest
783 2457 912 2520 fine
935 2453 1141 2534 causa,
1165 2457 1342 2546 quod
1370 2480 1404 2522 a
1430 2480 1577 2521 cau-

208 2547 270 2613 sa
305 2550 650 2615 exstitisset.

303 2739 368 2801 Si
377 2738 516 2826 jam
538 2760 619 2802 ex
642 2737 850 2816 causa,
865 2736 1052 2803 causa
1075 2762 1206 2803 non
1228 2738 1435 2829 potest
1456 2738 1576 2803 effe

208 2831 391 2896 finita
418 2832 519 2895 vel
552 2855 587 2896 a
621 2833 837 2910 finito;
891 2833 935 2897 fi
970 2833 1152 2898 finita
1175 2834 1274 2897 vel
1302 2858 1336 2898 a
1361 2834 1571 2912 finito,

208 2925 370 2990 illud
423 2926 618 2990 etiam
669 2923 767 2990 sui
820 2924 1076 2992 causam
1123 2927 1409 3006 habebit,
1463 2950 1576 3016 per

1377 3044 1575 3109 quam
