2080 3424
407 269 771 362 operationis
803 269 1020 334 animae
1054 268 1124 333 δέ’
1158 268 1444 357 corporis.
1508 290 1637 354 249

269 409 354 472 fic
375 405 518 496 ipsae
542 405 850 470 distantiae
877 406 1044 468 inter
1066 403 1128 468 se
1148 421 1384 469 mutuo
1414 431 1430 482 ;
1483 404 1641 469 adeo

269 518 342 566 ut
376 500 519 590 ipsae
552 500 860 564 distantiae
894 497 1132 562 faciant
1177 498 1594 562 harmoniam
1624 527 1637 564 ε

267 595 394 659 hoc
428 594 604 658 idem
639 593 706 657 in
743 594 974 670 nerviS‚
1002 593 1068 655 in
1105 593 1340 680 quibus
1375 593 1644 681 quidem

267 689 440 753 idem
475 686 984 752 fundamentum
1018 686 1374 751 harmoniae
1401 685 1510 759 est,
1537 684 1646 749 sed

268 805 498 847 nervus
534 805 662 845 non
703 783 929 870 magis,
959 804 1159 869 quam
1197 780 1274 844 ad
1310 803 1522 844 unum
1551 797 1645 844 to-

266 899 431 940 num
480 874 544 940 se
594 877 846 939 fleetere
895 875 1121 965 potest,
1170 898 1380 963 quum
1432 898 1645 937 mem-

265 969 477 1034 branae
510 969 587 1034 ad
622 992 886 1047 omnes;
939 970 983 1033 fi
1018 970 1230 1058 plures
1263 967 1459 1032 effent
1501 991 1646 1032 ner-

267 1065 354 1142 vi,
415 1061 858 1154 repraesentare
912 1064 1086 1152 quafi
1141 1061 1388 1151 poffent
1453 1063 1645 1126 fimul

266 1182 463 1222 unam
514 1158 991 1237 membranam,
1035 1179 1322 1245 quorum
1373 1157 1641 1220 harmo—

265 1253 383 1316 niae
433 1267 624 1317 erunt
666 1267 860 1340 prout
906 1251 1213 1316 distantiae
1247 1266 1642 1331 memoratae‚

265 1346 308 1409 fi
344 1346 752 1435 aequaliffime
787 1345 999 1410 forent
1031 1343 1221 1409 tensae
1254 1347 1318 1410 &
1352 1344 1642 1433 ejusdem

266 1441 560 1505 craffitiei
589 1469 602 1506 ε
658 1440 815 1504 adeo
850 1457 922 1505 ut
957 1441 1041 1504 fic
1075 1441 1288 1503 omnis
1323 1440 1636 1503 tremula-

265 1535 356 1597 tio
390 1537 457 1598 in
494 1534 891 1599 membranis
941 1534 1239 1598 confistat
1284 1535 1351 1597 in
1392 1534 1642 1598 ratione

264 1627 712 1693 distantiarum
763 1652 798 1692 a
846 1629 1102 1703 centriS‚
1140 1631 1204 1693 &
1254 1628 1298 1691 fi
1349 1627 1471 1691 illae
1521 1628 1644 1692 fint

262 1740 456 1811 prout
511 1722 818 1787 distantiae
865 1738 1135 1800 mutuae,
1189 1738 1347 1785 tunc
1401 1738 1645 1785 tremor

262 1816 560 1880 existeret
627 1817 917 1881 maxime
989 1815 1450 1893 harmonicus3
1534 1814 1642 1879 sed

260 1910 398 1975 haee
428 1910 596 1975 dieta
630 1907 777 1975 sunt
812 1913 890 1974 de
925 1910 1320 1974 membranis
1361 1910 1448 1974 ita
1481 1932 1640 1998 geo-

262 2007 530 2069 metrice
555 2003 868 2081 formatis,
895 2020 966 2068 ut
992 2019 1291 2068 centrum
1315 2003 1631 2068 habeant:

261 2099 410 2164 alias
475 2097 621 2188 ipsae
686 2101 961 2163 rationes
1025 2098 1415 2162 harmonicae
1475 2099 1644 2162 inter

261 2191 650 2282 asymptotas
702 2195 768 2256 in
830 2192 1195 2282 hyperbolis
1248 2194 1496 2281 optime
1547 2216 1642 2256 re-

260 2286 746 2375 praesentantur.
823 2288 949 2376 Ipfi
984 2302 1295 2351 tremores
1330 2288 1396 2350 in
1435 2309 1642 2349 mem-

261 2382 472 2446 branis
548 2377 1114 2469 supramemoratis
1199 2381 1641 2470 utplurimum

262 2476 459 2540 etiam
487 2475 745 2563 fingunt
761 2476 874 2539 fibi
891 2476 1319 2563 geometriam
1342 2474 1443 2538 vel
1465 2496 1640 2562 quae-

259 2586 413 2634 runt
441 2568 557 2633 fibi
582 2568 995 2632 harmoniam
1022 2592 1135 2657 per
1159 2569 1417 2633 cultum
1444 2570 1507 2633 &
1530 2590 1639 2630 ex-

260 2663 602 2738 ercitium3
678 2659 785 2726 sed
837 2685 976 2751 quae
1027 2662 1369 2726 harmonia
1418 2677 1638 2725 tamen

259 2755 511 2847 semper
543 2759 610 2820 in
647 2779 724 2820 eo
776 2756 1082 2831 consistit,
1121 2771 1193 2819 ut
1244 2753 1554 2819 distantiae
1604 2778 1638 2818 a

260 2869 483 2916 centro
538 2851 659 2915 fint
702 2866 773 2914 ut
824 2849 1133 2914 distantiae
1185 2865 1431 2912 mutuae
1466 2849 1633 2912 inter

259 2944 343 3010 se.
448 2948 550 3011 Ex
586 2959 720 3009 tota
758 2945 1069 3008 continua
1105 2943 1451 3007 harmonia
1483 2956 1633 3032 pot-

888 3042 1049 3127 Q5
1545 3033 1636 3099 est
