2080 3424
463 235 532 300 ἐξ
565 233 746 321 caustz
756 234 956 321 finali
980 233 1315 300 creationis.
1482 253 1569 321 73

213 386 577 436 curvaturas
610 385 683 434 ut
716 367 813 434 sui
844 369 1230 459 diffipationi
1265 370 1575 433 conveni-

214 465 487 529 entiores
538 465 735 528 fluere
777 463 961 527 velle.
1065 465 1229 526 Sunt
1262 462 1404 550 jam
1454 463 1575 525 tria

213 558 499 636 officula,
548 559 980 634 MALLEUS,
1017 556 1132 645 qui
1176 555 1572 632 articulatur,

212 665 406 740 prout
439 652 559 716 alia
580 649 726 728 ossa,
754 674 908 715 cum
937 652 1027 717 IN
1049 673 1085 715 c
1102 673 1202 716 UD
1219 672 1281 728 E,
1309 650 1575 738 ligatur-

213 769 341 833 que
390 769 503 834 per
541 745 857 821 tendines,
894 760 966 809 ut
1011 767 1143 809 non
1187 743 1386 807 modo
1432 766 1576 806 mu-

213 836 398 904 sculis
420 837 546 904 suis
567 838 824 903 obedire
853 838 1064 928 poffit,
1090 836 1192 902 sed
1222 839 1416 901 etiam
1440 838 1576 900 cui-

213 957 475 1023 cunque
508 934 775 997 tremori
819 931 945 997 suae
991 931 1425 996 membranae:
1482 930 1577 993 in-

214 1050 325 1092 cus
339 1050 491 1091 vero
515 1029 840 1094 STAPED
860 1049 881 1091 1
914 1026 1289 1115 adjungitur
1312 1047 1423 1114 per
1446 1026 1578 1088 exi-

215 1144 425 1210 guum
480 1122 993 1201 OSSICULUM,
1041 1118 1217 1209 quod
1268 1133 1579 1207 quartum

215 1230 503 1292 vocatur,
556 1238 688 1279 uno
736 1238 923 1279 crure
972 1237 1084 1304 per
1131 1213 1466 1278 tendinem
1506 1213 1581 1276 li-

217 1325 370 1399 gato
405 1309 572 1375 &in
621 1307 875 1374 foveola
921 1309 1224 1373 detento:
1280 1304 1410 1395 ipse
1456 1305 1580 1370 sta-

217 1426 323 1492 pes
376 1403 526 1467 bina
582 1426 768 1467 crura
821 1402 1237 1491 aequaliffima
1285 1401 1578 1490 poffidet,

218 1519 360 1585 quae
396 1521 528 1562 non
561 1495 759 1560 modo
793 1511 1096 1561 excavata
1127 1494 1303 1574 sunt,
1331 1492 1438 1558 sed
1470 1518 1584 1584 per

217 1589 280 1654 se
302 1614 566 1680 quoque
601 1590 903 1654 flexibilia
941 1594 1004 1656 ὃς
1039 1590 1313 1669 elastica,
1342 1612 1585 1677 perque

218 1683 504 1748 limbum
537 1685 918 1749 circularem
953 1685 1186 1772 pariter
1219 1705 1454 1747 cavum
1489 1686 1583 1746 in-

217 1779 474 1843 cumbit
505 1777 792 1843 fenestrae
825 1779 1033 1855 ovali3
1085 1775 1465 1842 transfertur
1500 1777 1584 1841 fic

220 1873 383 1938 mire
413 1889 657 1937 tremor
690 1896 724 1936 a
759 1873 1139 1936 membrana
1173 1871 1466 1960 tympani
1506 1871 1585 1935 ad

219 1965 564 2031 fenestram
593 1966 761 2032 hanc
787 1966 1041 2031 ovalem
1067 1992 1082 2043 ;
1134 1988 1248 2055 per
1279 1966 1584 2053 ligaturas

219 2060 641 2125 officulorum
674 2059 847 2125 adest
878 2075 1220 2124 momento
1253 2058 1426 2122 idem
1464 2074 1586 2122 tre-

220 2177 367 2219 mor
399 2156 467 2219 in
502 2153 792 2232 fenestra,
829 2156 945 2244 qui
985 2177 1096 2243 per
1131 2153 1585 2218 membranam

221 2263 510 2338 receptus
562 2247 652 2312 est
679 2276 695 2326 ;
763 2247 894 2339 ipse
950 2248 1148 2337 stapes
1203 2247 1283 2311 ad
1326 2246 1587 2311 eosdem

223 2342 431 2407 nictus
466 2340 528 2407 se
562 2343 738 2407 illico
760 2358 1004 2423 movet,
1033 2342 1109 2407 ad
1135 2364 1297 2431 quos
1325 2356 1586 2406 motum

223 2435 314 2500 est
345 2437 768 2501 manubrium
793 2437 1128 2526 tympani;
1180 2433 1312 2525 ipsa
1341 2434 1588 2499 flexibi-

224 2530 363 2595 litas
397 2532 464 2594 in
501 2530 765 2620 stapedis
790 2530 991 2595 chelis
1014 2545 1124 2595 aut
1157 2531 1340 2593 uncis
1365 2527 1586 2606 efficit,

227 2638 299 2687 ut
324 2624 528 2712 aptior
565 2627 637 2690 fit
670 2624 1012 2690 fenestram
1035 2623 1289 2689 ovalem
1323 2624 1390 2686 in
1416 2624 1589 2687 fimi-

225 2717 313 2781 les
335 2719 542 2782 nictus
562 2719 865 2784 movendi
892 2745 908 2796 ;
961 2716 1094 2808 ipsa
1116 2718 1348 2783 cavitas
1375 2718 1442 2780 in
1474 2716 1588 2781 sta-

224 2811 400 2898 pedis
433 2812 602 2876 collo
623 2813 724 2877 vel
757 2813 986 2902 capite,
1012 2812 1304 2877 cruribus
1339 2814 1402 2877 &
1436 2811 1588 2874 lim-

225 2904 332 2982 bo,
385 2919 457 2969 ut
512 2919 752 2971 tremor
796 2908 990 2972 etiam
1036 2907 1206 2971 intus
1256 2904 1587 2979 sentiatur,

907 3002 963 3064 E
1000 3019 1035 3086 5
1464 2997 1590 3061 five
