2080 3424
258 1139 462 1203 Qodfi-

183 1354 358 1405 propter
379 1346 442 1389 in-

179 1410 378 1470 finitum.

513 219 635 285 108
855 223 1007 310 Cap.
1046 224 1100 286 I.
1143 223 1248 286 De
1281 220 1530 310 Infinito
1588 286 1590 288 ,

504 357 718 420 media
767 357 866 421 vel
911 358 1214 447 proxima
1248 357 1327 423 ab
1363 372 1642 446 utroque
1676 357 1873 446 parti-

503 453 746 540 cipanS,
782 452 1140 529 concludit,
1177 451 1355 540 quod
1401 452 1751 516 Infinitum
1797 450 1871 514 fit

504 543 689 609 causa
725 545 1101 610 immediata
1136 547 1304 610 finiti
1337 546 1439 610 vel
1486 546 1680 634 primi
1716 545 1870 609 fim-

504 640 718 728 pliCiS;
764 641 847 703 fic
872 641 1051 703 venit
1080 640 1157 703 ad
1178 640 1471 728 primum
1495 639 1671 728 quod
1698 661 1874 727 quae-

505 735 608 808 rit,
634 756 752 797 nec
774 733 1067 797 dubitare
1089 732 1315 822 potest,
1339 734 1500 822 quin
1524 733 1871 798 Infinitum

506 829 580 892 fit
614 825 800 891 causa
835 828 1212 892 immediata
1244 826 1558 918 primitivi
1584 827 1686 891 vel
1711 849 1874 917 pure

507 921 831 1011 fimplicis.

601 1112 786 1174 Tum
836 1109 1023 1172 altius
1069 1108 1279 1197 pergit
1318 1110 1382 1174 &
1426 1109 1677 1197 quaerit,
1714 1133 1871 1199 qua-

448 1204 580 1268 -lis
626 1205 699 1267 fit
746 1226 951 1268 nexus
1003 1203 1171 1267 finiti
1222 1206 1285 1266 &
1338 1202 1634 1267 Infiniti?
1701 1203 1876 1268 videt

506 1298 796 1386 quidem,
833 1297 1010 1385 quod
1055 1297 1321 1361 finitum
1367 1319 1500 1361 non
1535 1297 1876 1386 participa-

506 1414 572 1455 re
605 1393 804 1497 ’poffit
850 1391 928 1454 de
975 1391 1269 1465 InfinitO,
1317 1414 1447 1479 qua
1499 1389 1870 1469 effentiam3

504 1487 657 1575 quia
694 1485 871 1550 nulla
897 1484 1033 1548 dari
1060 1485 1221 1549 ratio
1248 1501 1359 1550 aut
1385 1481 1705 1574 respefius
1733 1485 1872 1550 illo-

506 1604 657 1644 rum
709 1578 954 1670 potest3
1008 1576 1115 1643 sed
1170 1579 1307 1643 vult
1359 1594 1580 1643 tamen
1635 1577 1873 1644 habere

508 1698 756 1738 nexum
787 1673 1116 1764 quendam
1147 1673 1393 1738 Infiniti
1419 1675 1483 1738 &
1509 1671 1700 1748 finiti,
1723 1673 1876 1762 quia

509 1769 690 1833 novit
726 1791 938 1832 unum
973 1767 1094 1831 effe
1123 1766 1406 1845 causam,
1438 1767 1717 1830 alterum
1752 1767 1873 1831 effe

507 1861 864 1939 causatum,
893 1865 957 1927 δε
994 1862 1198 1939 novit,
1228 1862 1272 1926 fi
1309 1884 1522 1925 unum
1557 1860 1635 1923 ab
1672 1861 1875 1925 altero

505 1957 780 2044 pendeat
836 1971 908 2019 ut
959 1954 1295 2019 causatum
1348 1978 1382 2018 a
1434 1950 1641 2030 causa,
1697 1955 1876 2043 quod

506 2073 712 2113 nexus
758 2050 968 2127 detur,
1013 2047 1123 2113 seu
1175 2050 1242 2112 in
1298 2046 1555 2112 causato
1608 2048 1875 2137 aliquod

503 2143 900 2232 principium
938 2143 1011 2206 fit
1045 2142 1122 2205 de
1170 2139 1378 2218 causa,
1417 2139 1527 2205 seu
1572 2142 1681 2206 cui
1720 2165 1874 2206 cau-

505 2235 717 2301 satum
752 2259 949 2301 omne
985 2233 1179 2299 suum
1220 2235 1466 2313 debeat,
1503 2258 1657 2324 ergo
1690 2236 1876 2325 ponit
1917 2310 1921 2314 ,

506 2332 793 2418 aliquem
850 2353 1096 2393 nexum
1147 2329 1288 2406 effe,
1332 2352 1465 2393 non
1519 2329 1693 2393 nude
1745 2354 1875 2419 qua

507 2424 937 2497 existentiam,
967 2422 1074 2487 sed
1107 2425 1305 2486 etiam
1338 2447 1468 2511 qua
1502 2422 1869 2500 effentiam3

508 2520 624 2584 nifi
659 2519 838 2583 enim
872 2518 1130 2582 effentia
1165 2520 1228 2581 δε
1254 2517 1388 2604 ejus
1415 2517 1740 2582 a&ualitas
1771 2517 1876 2580 de-

507 2614 815 2702 penderet
849 2627 1005 2675 tunc
1039 2614 1103 2677 &
1134 2610 1385 2699 jugiter
1418 2635 1453 2674 a
1487 2609 1699 2685 causa,
1740 2634 1873 2675 non

509 2707 658 2771 effet
703 2707 917 2795 aliqua
959 2703 1217 2769 essentia
1261 2720 1373 2769 aut
1425 2705 1752 2768 astualitas
1807 2704 1873 2768 in

509 2803 724 2891 primo
771 2801 981 2878 finito,
1029 2802 1094 2865 &
1139 2799 1293 2887 quia
1336 2799 1511 2863 videt
1554 2798 1732 2888 quod
1778 2798 1874 2875 fit,

511 2918 665 2986 ergo
700 2917 947 2959 nexum
985 2916 1098 2983 per
1140 2893 1340 2957 fimile
1386 2894 1528 2958 vult
1571 2913 1874 2982 quaerere,

1750 2986 1878 3050 fine
