2080 3424
500 296 584 339 22
844 277 995 364 Cap.
1038 276 1090 340 I.
1130 278 1232 341 De
1264 275 1511 363 Irgfim'to

494 409 684 486 tium,
728 423 966 484 motUS,
1016 425 1273 499 tempus
1317 414 1380 478 δε
1424 412 1648 475 omnia
1695 433 1856 475 con-

492 499 732 590 spirent
757 507 820 568 &
845 501 1249 569 consentiant
1273 506 1646 569 naturaliter
1667 507 1730 569 &
1760 526 1854 568 ra-

491 597 814 661 tionaliter
847 598 914 660 in
950 620 1049 673 eo,
1087 597 1264 686 quod
1312 622 1444 663 non
1481 598 1668 663 detur
1707 598 1855 662 infi-

491 691 729 767 nitum,
766 713 977 779 neque
1011 692 1077 754 in
1111 693 1239 756 hoc
1274 715 1483 781 neque
1517 694 1585 756 in
1621 692 1752 756 illo.

581 878 647 940 Si
702 875 1127 968 philosophus
1185 878 1462 943 obnixus
1515 880 1610 957 fit,
1670 893 1849 943 ante-

486 994 686 1059 quam
711 971 958 1036 nodum
986 971 1179 1036 suum
1214 974 1460 1062 rumpit
1484 973 1585 1037 vel
1621 973 1847 1060 rejicit,

481 1088 596 1152 per
641 1087 909 1130 omnem
953 1064 1431 1155 philosophiam
1466 1067 1847 1131 rationalem

482 1174 617 1223 tam
651 1159 719 1223 in
755 1183 988 1265 genere
1025 1184 1222 1249 quam
1259 1163 1323 1224 in
1370 1159 1576 1249 specie
1620 1183 1847 1248 perva-

481 1267 696 1340 gatur,
740 1257 802 1318 δε
835 1253 974 1341 jam
1016 1253 1341 1331 diffundit,
1378 1255 1521 1342 jam
1560 1276 1844 1318 concen-

481 1362 605 1413 ttat
655 1348 974 1423 animum,
1011 1351 1074 1413 &
1119 1349 1347 1412 dividit
1392 1351 1454 1413 &
1496 1346 1745 1424 dividit,
1781 1349 1845 1412 &

479 1440 871 1528 multiplicat
904 1465 1016 1530 per
1043 1443 1276 1529 gradus
1310 1445 1373 1507 &
1406 1442 1744 1530 potentiaS,
1768 1442 1844 1504 it-

477 1557 606 1621 que
629 1534 812 1598 altius
845 1538 908 1601 &
944 1536 1167 1612 altius;
1221 1537 1283 1599 ὃς
1305 1536 1601 1624 quamvis
1627 1535 1843 1599 calcu-

474 1626 670 1691 lando
704 1626 916 1693 versus
951 1630 1364 1693 indefinitum
1401 1651 1666 1718 pergere
1699 1626 1834 1717 pos-

475 1718 538 1784 se
583 1720 898 1795 videatur,
936 1721 1138 1811 usque
1185 1737 1404 1787 tamen
1452 1722 1836 1786 ad·nullum

472 1814 805 1879 infinitum
861 1813 924 1879 se
989 1818 1322 1905 pervenire
1385 1815 1556 1905 poffe
1623 1816 1835 1893 videt;

473 1931 593 1972 nec
638 1908 715 1972 ad
771 1910 918 1987 tale,
964 1910 1142 1998 quod
1187 1911 1245 1973 ei
1299 1910 1503 1973 fimile
1553 1912 1615 1973 δε
1660 1910 1839 1998 quod

472 2001 601 2064 fine
647 2003 775 2066 fine
819 2003 911 2068 fit.
1013 2003 1315 2066 Tandem
1349 2026 1559 2091 quum
1595 2017 1691 2067 tot
1735 2005 1837 2068 vel

471 2096 656 2158 toties
715 2093 1136 2161 irresolubilia
1177 2095 1373 2176 videt,
1428 2119 1571 2184 quae
1614 2098 1838 2162 omnia

469 2185 837 2276 conspirant
871 2190 937 2253 in
975 2213 1183 2253 unum
1218 2192 1281 2254 &
1330 2189 1502 2254 idem
1538 2187 1835 2255 irresolu-

469 2281 618 2359 bile,
643 2285 707 2348 δε
742 2282 808 2345 in
844 2282 932 2362 id,
957 2284 1132 2371 quod
1165 2282 1527 2347 secundum
1560 2306 1832 2348 omnem

466 2372 650 2440 suam
685 2377 1004 2439 rationem
1040 2400 1174 2441 non
1219 2377 1354 2440 dari
1390 2376 1576 2465 poffit
1615 2377 1832 2441 infini-

466 2484 633 2547 tum,
670 2469 825 2557 quia
859 2468 1216 2534 secundum
1247 2471 1526 2556 analyfin
1555 2471 1829 2535 rationa-

462 2562 616 2640 lem,
664 2563 1026 2627 naturalem
1073 2567 1136 2629 &
1180 2565 1642 2653 geometricam
1697 2586 1828 2628 non

462 2655 682 2733 datur3
705 2732 707 2734 ,
729 2656 885 2721 hinc
913 2657 1099 2722 tacite
1120 2657 1472 2734 concludit,
1498 2658 1829 2723 effentiam

461 2749 750 2813 divinam
799 2750 1066 2815 fortaffis
1121 2775 1254 2817 non
1308 2751 1428 2815 effe
1472 2752 1824 2830 infinitam,

459 2840 566 2907 sed
611 2843 1041 2919 indefinitam,
1077 2847 1141 2910 ὅτ,
1182 2847 1250 2910 in
1285 2845 1587 2909 omnibus
1635 2846 1827 2910 mini-

459 2958 648 3001 mum
674 2940 737 3003 &
766 2939 1171 3003 maximum:
1225 2941 1289 3005 ὃς
1322 2939 1474 3027 quia
1503 2940 1570 3003 in
1605 2939 1703 3005 his
1736 2939 1827 3002 vi-

1718 3032 1826 3096 det
