2080 3424
351 273 708 365 operationis
737 272 960 339 animae
993 273 1065 338 ἔθ’
1099 271 1393 362 corporis.'
1480 295 1611 363 223

253 427 527 501 quenter
571 433 819 475 nexum
851 433 963 499 per
997 413 1374 474 contaetum
1408 411 1619 476 conti-

252 529 500 594 guum:
552 506 621 569 in
657 505 906 567 mundo
941 501 1258 567 subtiliori
1294 526 1426 568 non
1461 502 1616 583 sci0,

253 623 335 664 an
370 599 538 663 ullus
570 620 682 687 per
715 598 1032 661 rationem
1076 598 1485 685 experientiis
1518 599 1622 662 in-

253 693 554 757 struetam
612 713 847 780 negare
900 690 1112 780 poffit,
1165 692 1326 779 quin
1386 692 1621 756 dentur

253 787 574 850 elementa
598 812 614 863 ;
663 785 878 849 nullus
900 800 1093 874 negat
1118 784 1447 862 aetherem,
1471 787 1623 874 quia

252 881 426 944 videt
464 895 560 944 tot
598 878 1024 968 phaenomena
1071 901 1182 967 per
1225 879 1521 959 oculum,
1555 882 1620 945 &

253 975 506 1063 organis
559 973 991 1037 mutationem
1040 971 1276 1035 fastam
1330 996 1442 1061 per
1492 972 1622 1037 ele—

211 1075 215 1078 ’
255 1084 513 1133 menta:
558 1067 711 1146 hinc
732 1067 1028 1156 quamvis
1052 1064 1219 1130 visus
1246 1089 1379 1130 non
1405 1066 1621 1131 videre

255 1162 441 1252 poffit
475 1177 702 1250 partes,
738 1182 881 1249 quae
914 1157 1126 1223 visum
1161 1159 1447 1237 faciunt3
1501 1183 1622 1226 nec
1706 1223 1712 1230 .

257 1255 526 1345 quidem
568 1270 774 1343 partes
822 1254 889 1317 in
935 1276 1098 1333 aere,
1134 1276 1277 1342 quae
1327 1254 1622 1319 auditum

257 1349 502 1414 faciunt
526 1375 542 1426 ;
594 1371 712 1412 nec
738 1371 880 1436 quae
905 1364 1171 1412 movent
1197 1370 1436 1436 organa
1461 1347 1623 1413 olfa-

259 1447 418 1520 ἂυε,
478 1465 597 1506 nec
655 1442 919 1531 gustus;
971 1439 1120 1505 sunt
1177 1443 1397 1506 omnia
1453 1444 1622 1507 intra

260 1535 569 1626 sphaeram
590 1533 894 1600 sensuum
914 1562 930 1612 ;
975 1559 1105 1599 non
1129 1534 1274 1600 ideo
1297 1535 1624 1624 poffumus

259 1631 362 1695 vel
387 1631 695 1695 debemus
720 1652 977 1718 negare,
1000 1630 1160 1718 quin
1190 1631 1445 1706 dentur,
1469 1631 1622 1719 quia

260 1723 571 1789 sentimus
622 1722 922 1787 effeetus:
978 1727 1041 1789 ὃς
1087 1725 1239 1812 quia
1280 1724 1346 1787 in
1397 1739 1625 1788 natura

259 1817 578 1884 subtiliori
657 1817 949 1881 videmus
1028 1833 1163 1881 tam
1245 1817 1623 1882 admiranda

262 1912 711 2003 phaenomena,
746 1934 889 1999 quae
934 1934 1054 1974 nec
1087 1912 1216 1975 aeri
1252 1934 1370 1974 nec
1404 1911 1626 1976 aetheri

262 2007 460 2072 tribui
493 2005 773 2094 possunt,
812 2028 1029 2069 annon
1065 2004 1189 2069 hoc
1224 2006 1458 2093 arguit,
1487 2005 1623 2069 dari

263 2101 474 2167 adhuc
496 2098 827 2164 subtiliora
847 2100 1185 2176 elementa,
1202 2099 1357 2163 adeo
1379 2115 1451 2163 ut
1471 2122 1628 2163 con-

262 2211 358 2260 tra
385 2195 704 2259 rationem
732 2215 864 2257 non
894 2193 991 2271 s1t,
1021 2193 1317 2281 quamvis
1344 2193 1455 2282 ipfi
1484 2191 1627 2257 sen-

263 2288 364 2354 sus
390 2288 640 2352 externi
673 2287 799 2351 hoe
833 2303 1158 2375 nequeant
1184 2287 1443 2364 dietare,
1466 2288 1628 2375 quin

266 2384 500 2447 dentur
512 2382 832 2446 elementa
846 2378 1197 2458 subtiliora,
1210 2382 1445 2469 pariter
1467 2383 1629 2469 quin

267 2501 302 2542 a
353 2478 566 2566 primo
619 2475 896 2539 minimo
942 2474 1018 2538 ad
1065 2475 1509 2539 craffiffimum
1560 2476 1627 2540 in

266 2570 666 2649 elementari,
702 2567 828 2633 hoc
862 2569 974 2643 est,
1010 2569 1087 2632 ad
1121 2566 1334 2658 ipsum
1369 2591 1628 2633 aereum

269 2665 344 2729 fit
395 2685 623 2737 nexuS.
673 2662 830 2726 adeo
876 2677 947 2727 ut
997 2685 1206 2726 unum
1259 2676 1517 2726 moveat
1566 2665 1631 2728 ὅτ,

269 2774 608 2822 moveatur
629 2756 707 2820 ab
734 2755 958 2836 altero,
984 2779 1195 2820 unum
1223 2754 1424 2845 usque
1448 2778 1481 2818 a
1501 2757 1631 2844 pri-

270 2875 382 2916 mo
415 2850 686 2940 fimplici
729 2846 1066 2914 succeffive
1113 2864 1333 2914 ortum
1367 2850 1633 2913 traxerit

272 2945 349 3009 ab
383 2944 620 3021 altero;
659 2966 868 3008 unum
914 2939 1383 3031 consequenter
1432 2939 1631 3007 subfi-

1515 3036 1633 3104 stat
