<?xml version="1.0" encoding="UTF-8"?>
<!DOCTYPE html PUBLIC "-//W3C//DTD XHTML 1.0 Transitional//EN"
    "http://www.w3.org/TR/xhtml1/DTD/xhtml1-transitional.dtd">
<html xmlns="http://www.w3.org/1999/xhtml" xml:lang="en" lang="en">
 <head>
  <title>
</title>
<meta http-equiv="Content-Type" content="text/html;charset=utf-8" />
  <meta name='ocr-system' content='tesseract 3.04.00' />
  <meta name='ocr-capabilities' content='ocr_page ocr_carea ocr_par ocr_line ocrx_word'/>
</head>
<body>
  <div class='ocr_page' id='page_1' title='image "./prodromusphiloso00sweduoft/prodromusphiloso00sweduoft_0105.png"; bbox 0 0 2080 3424; ppageno 0'>
   <div class='ocr_carea' id='block_1_1' title="bbox 450 260 1558 349">
    <p class='ocr_par' dir='ltr' id='par_1_1' title="bbox 450 260 1558 349">
     <span class='ocr_line' id='line_1_1' title="bbox 450 260 1558 349; baseline -0.001 -22"><span class='ocrx_word' id='word_1_1' title='bbox 450 262 521 327; x_wconf 80' lang='lat'><em>&amp;</em></span> <span class='ocrx_word' id='word_1_2' title='bbox 552 260 944 349; x_wconf 68' lang='lat' dir='ltr'><strong>caasaflnali</strong></span> <span class='ocrx_word' id='word_1_3' title='bbox 968 260 1308 325; x_wconf 84' lang='lat' dir='ltr'><em>creationis.</em></span> <span class='ocrx_word' id='word_1_4' title='bbox 1475 260 1558 347; x_wconf 90' lang='lat'><strong>89</strong></span> 
     </span>
    </p>
   </div>
   <div class='ocr_carea' id='block_1_2' title="bbox 192 393 1568 3014">
    <p class='ocr_par' dir='ltr' id='par_1_2' title="bbox 192 393 1568 3014">
     <span class='ocr_line' id='line_1_2' title="bbox 195 393 1560 473; baseline -0.001 -15"><span class='ocrx_word' id='word_1_5' title='bbox 195 393 592 473; x_wconf 90' lang='lat' dir='ltr'><strong>voluerit,ob</strong></span> <span class='ocrx_word' id='word_1_6' title='bbox 614 416 710 458; x_wconf 92' lang='lat' dir='ltr'><strong>res</strong></span> <span class='ocrx_word' id='word_1_7' title='bbox 731 394 1196 458; x_wconf 83' lang='lat' dir='ltr'><strong>interventuras</strong></span> <span class='ocrx_word' id='word_1_8' title='bbox 1217 415 1350 457; x_wconf 86' lang='lat' dir='ltr'><strong>cras</strong></span> <span class='ocrx_word' id='word_1_9' title='bbox 1373 394 1560 468; x_wconf 91' lang='lat' dir='ltr'><strong>nolit,</strong></span> 
     </span>
     <span class='ocr_line' id='line_1_3' title="bbox 196 487 1560 577; baseline -0.001 -26"><span class='ocrx_word' id='word_1_10' title='bbox 196 489 319 551; x_wconf 91' lang='lat' dir='ltr'><strong>five</strong></span> <span class='ocrx_word' id='word_1_11' title='bbox 352 488 531 577; x_wconf 93' lang='lat' dir='ltr'><strong>quod</strong></span> <span class='ocrx_word' id='word_1_12' title='bbox 580 487 923 553; x_wconf 85' lang='lat' dir='ltr'>arbitrium</span> <span class='ocrx_word' id='word_1_13' title='bbox 973 487 1248 576; x_wconf 84' lang='lat' dir='ltr'><strong>pendeat</strong></span> <span class='ocrx_word' id='word_1_14' title='bbox 1289 509 1323 549; x_wconf 83' lang='lat' dir='ltr'>a</span> <span class='ocrx_word' id='word_1_15' title='bbox 1363 487 1560 550; x_wconf 85' lang='lat' dir='ltr'>caufis</span> 
     </span>
     <span class='ocr_line' id='line_1_4' title="bbox 192 578 1562 670; baseline -0.001 -25"><span class='ocrx_word' id='word_1_16' title='bbox 192 578 532 647; x_wconf 84' lang='lat' dir='ltr'><strong>succeffive</strong></span> <span class='ocrx_word' id='word_1_17' title='bbox 587 580 1029 657; x_wconf 81' lang='lat' dir='ltr'>mutabilibuS,</span> <span class='ocrx_word' id='word_1_18' title='bbox 1081 594 1272 670; x_wconf 90' lang='lat' dir='ltr'><strong>prout</strong></span> <span class='ocrx_word' id='word_1_19' title='bbox 1324 580 1391 643; x_wconf 94' lang='lat' dir='ltr'><strong>in</strong></span> <span class='ocrx_word' id='word_1_20' title='bbox 1447 580 1562 643; x_wconf 91' lang='lat' dir='ltr'><strong>ho-</strong></span> 
     </span>
     <span class='ocr_line' id='line_1_5' title="bbox 194 672 1561 762; baseline -0.001 -24"><span class='ocrx_word' id='word_1_21' title='bbox 194 675 373 739; x_wconf 92' lang='lat' dir='ltr'><strong>mine</strong></span> <span class='ocrx_word' id='word_1_22' title='bbox 407 674 627 741; x_wconf 90' lang='lat' dir='ltr'><strong>finito:</strong></span> <span class='ocrx_word' id='word_1_23' title='bbox 665 674 956 739; x_wconf 89' lang='lat' dir='ltr'><strong>concedo</strong></span> <span class='ocrx_word' id='word_1_24' title='bbox 982 675 1050 738; x_wconf 95' lang='lat' dir='ltr'><strong>in</strong></span> <span class='ocrx_word' id='word_1_25' title='bbox 1074 674 1193 752; x_wconf 85' lang='lat' dir='ltr'>his,</span> <span class='ocrx_word' id='word_1_26' title='bbox 1222 672 1561 762; x_wconf 89' lang='lat' dir='ltr'><strong>quodcun-</strong></span> 
     </span>
     <span class='ocr_line' id='line_1_6' title="bbox 194 767 1562 857; baseline -0.002 -24"><span class='ocrx_word' id='word_1_27' title='bbox 194 791 322 857; x_wconf 87' lang='lat' dir='ltr'><strong>que</strong></span> <span class='ocrx_word' id='word_1_28' title='bbox 341 792 496 833; x_wconf 88' lang='lat' dir='ltr'><strong>cum</strong></span> <span class='ocrx_word' id='word_1_29' title='bbox 517 767 1270 834; x_wconf 87' lang='lat' dir='ltr'><strong>rationeconcedendum</strong></span> <span class='ocrx_word' id='word_1_30' title='bbox 1292 767 1405 841; x_wconf 89' lang='lat' dir='ltr'><strong>est,</strong></span> <span class='ocrx_word' id='word_1_31' title='bbox 1421 790 1562 830; x_wconf 90' lang='lat' dir='ltr'><strong>mo-</strong></span> 
     </span>
     <span class='ocr_line' id='line_1_7' title="bbox 195 861 1561 951; baseline -0.002 -24"><span class='ocrx_word' id='word_1_32' title='bbox 195 865 279 927; x_wconf 91' lang='lat' dir='ltr'><strong>do</strong></span> <span class='ocrx_word' id='word_1_33' title='bbox 312 863 481 927; x_wconf 90' lang='lat' dir='ltr'>mihi</span> <span class='ocrx_word' id='word_1_34' title='bbox 508 862 777 927; x_wconf 90' lang='lat' dir='ltr'>viciffim</span> <span class='ocrx_word' id='word_1_35' title='bbox 807 863 1140 940; x_wconf 87' lang='lat' dir='ltr'><strong>concedas,</strong></span> <span class='ocrx_word' id='word_1_36' title='bbox 1165 861 1342 951; x_wconf 92' lang='lat' dir='ltr'><strong>quod</strong></span> <span class='ocrx_word' id='word_1_37' title='bbox 1379 863 1561 925; x_wconf 85' lang='lat' dir='ltr'><strong>Deus</strong></span> 
     </span>
     <span class='ocr_line' id='line_1_8' title="bbox 195 955 1562 1046; baseline -0.001 -26"><span class='ocrx_word' id='word_1_38' title='bbox 195 957 270 1020; x_wconf 90' lang='lat' dir='ltr'><strong>fit</strong></span> <span class='ocrx_word' id='word_1_39' title='bbox 303 957 594 1022; x_wconf 88' lang='lat' dir='ltr'><strong>infinitus</strong></span> <span class='ocrx_word' id='word_1_40' title='bbox 617 983 634 1034; x_wconf 91' lang='lat'>;</span> <span class='ocrx_word' id='word_1_41' title='bbox 684 955 811 1020; x_wconf 92' lang='lat' dir='ltr'><strong>hoc</strong></span> <span class='ocrx_word' id='word_1_42' title='bbox 835 979 1067 1046; x_wconf 88' lang='lat' dir='ltr'><strong>negare</strong></span> <span class='ocrx_word' id='word_1_43' title='bbox 1090 979 1210 1021; x_wconf 88' lang='lat' dir='ltr'><strong>nec</strong></span> <span class='ocrx_word' id='word_1_44' title='bbox 1240 969 1419 1044; x_wconf 85' lang='lat' dir='ltr'><strong>potes</strong></span> <span class='ocrx_word' id='word_1_45' title='bbox 1442 978 1562 1019; x_wconf 89' lang='lat' dir='ltr'><strong>nec</strong></span> 
     </span>
     <span class='ocr_line' id='line_1_9' title="bbox 195 1049 1563 1138; baseline -0.001 -25"><span class='ocrx_word' id='word_1_46' title='bbox 195 1050 386 1115; x_wconf 88' lang='lat' dir='ltr'><strong>audes</strong></span> <span class='ocrx_word' id='word_1_47' title='bbox 409 1080 422 1117; x_wconf 91' lang='lat'>:</span> <span class='ocrx_word' id='word_1_48' title='bbox 477 1051 522 1115; x_wconf 93' lang='lat' dir='ltr'><strong>fi</strong></span> <span class='ocrx_word' id='word_1_49' title='bbox 557 1050 871 1127; x_wconf 83' lang='lat' dir='ltr'><strong>infinituS,</strong></span> <span class='ocrx_word' id='word_1_50' title='bbox 893 1073 1059 1114; x_wconf 90' lang='lat' dir='ltr'><strong>anne</strong></span> <span class='ocrx_word' id='word_1_51' title='bbox 1082 1051 1304 1116; x_wconf 91' lang='lat' dir='ltr'><strong>omnia</strong></span> <span class='ocrx_word' id='word_1_52' title='bbox 1325 1049 1383 1113; x_wconf 93' lang='lat' dir='ltr'><strong>ei</strong></span> <span class='ocrx_word' id='word_1_53' title='bbox 1402 1071 1563 1138; x_wconf 84' lang='lat' dir='ltr'><strong>prae-</strong></span> 
     </span>
     <span class='ocr_line' id='line_1_10' title="bbox 195 1141 1564 1233; baseline -0.001 -25"><span class='ocrx_word' id='word_1_54' title='bbox 195 1141 395 1208; x_wconf 88' lang='lat' dir='ltr'><strong>sentia</strong></span> <span class='ocrx_word' id='word_1_55' title='bbox 447 1143 651 1220; x_wconf 92' lang='lat' dir='ltr'><strong>fuere,</strong></span> <span class='ocrx_word' id='word_1_56' title='bbox 693 1167 835 1233; x_wconf 90' lang='lat' dir='ltr'><strong>quae</strong></span> <span class='ocrx_word' id='word_1_57' title='bbox 881 1144 1064 1209; x_wconf 89' lang='lat' dir='ltr'><strong>nobis</strong></span> <span class='ocrx_word' id='word_1_58' title='bbox 1105 1143 1254 1209; x_wconf 91' lang='lat' dir='ltr'><strong>sunt</strong></span> <span class='ocrx_word' id='word_1_59' title='bbox 1293 1142 1564 1207; x_wconf 88' lang='lat' dir='ltr'><strong>futura?</strong></span> 
     </span>
     <span class='ocr_line' id='line_1_11' title="bbox 197 1237 1563 1327; baseline -0.001 -25"><span class='ocrx_word' id='word_1_60' title='bbox 197 1260 278 1302; x_wconf 90' lang='lat' dir='ltr'><strong>an</strong></span> <span class='ocrx_word' id='word_1_61' title='bbox 314 1239 678 1327; x_wconf 87' lang='lat' dir='ltr'>quidquam</span> <span class='ocrx_word' id='word_1_62' title='bbox 705 1238 783 1302; x_wconf 93' lang='lat' dir='ltr'><strong>de</strong></span> <span class='ocrx_word' id='word_1_63' title='bbox 820 1238 1091 1303; x_wconf 91' lang='lat' dir='ltr'><strong>Infinito</strong></span> <span class='ocrx_word' id='word_1_64' title='bbox 1125 1238 1307 1303; x_wconf 88' lang='lat' dir='ltr'><strong>finite</strong></span> <span class='ocrx_word' id='word_1_65' title='bbox 1340 1237 1563 1326; x_wconf 87' lang='lat' dir='ltr'><strong>praedi-</strong></span> 
     </span>
     <span class='ocr_line' id='line_1_12' title="bbox 196 1330 1562 1421; baseline 0 -26"><span class='ocrx_word' id='word_1_66' title='bbox 196 1332 327 1396; x_wconf 90' lang='lat' dir='ltr'><strong>cari</strong></span> <span class='ocrx_word' id='word_1_67' title='bbox 361 1330 608 1421; x_wconf 90' lang='lat' dir='ltr'><strong>potest?</strong></span> <span class='ocrx_word' id='word_1_68' title='bbox 657 1355 877 1397; x_wconf 90' lang='lat' dir='ltr'><strong>annon</strong></span> <span class='ocrx_word' id='word_1_69' title='bbox 925 1333 1008 1397; x_wconf 90' lang='lat' dir='ltr'><strong>fic</strong></span> <span class='ocrx_word' id='word_1_70' title='bbox 1052 1332 1237 1409; x_wconf 90' lang='lat' dir='ltr'><strong>illud,</strong></span> <span class='ocrx_word' id='word_1_71' title='bbox 1273 1331 1449 1421; x_wconf 91' lang='lat' dir='ltr'><strong>quod</strong></span> <span class='ocrx_word' id='word_1_72' title='bbox 1494 1332 1562 1395; x_wconf 93' lang='lat' dir='ltr'><strong>in</strong></span> 
     </span>
     <span class='ocr_line' id='line_1_13' title="bbox 197 1423 1561 1514; baseline -0.002 -23"><span class='ocrx_word' id='word_1_73' title='bbox 197 1441 488 1514; x_wconf 91' lang='lat' dir='ltr'><strong>tempore</strong></span> <span class='ocrx_word' id='word_1_74' title='bbox 522 1424 613 1490; x_wconf 91' lang='lat' dir='ltr'><strong>est</strong></span> <span class='ocrx_word' id='word_1_75' title='bbox 644 1423 1065 1491; x_wconf 88' lang='lat' dir='ltr'><strong>succeffivum</strong></span> <span class='ocrx_word' id='word_1_76' title='bbox 1103 1426 1202 1490; x_wconf 92' lang='lat' dir='ltr'><strong>vel</strong></span> <span class='ocrx_word' id='word_1_77' title='bbox 1233 1424 1561 1500; x_wconf 89' lang='lat' dir='ltr'><strong>futurum,</strong></span> 
     </span>
     <span class='ocr_line' id='line_1_14' title="bbox 196 1517 1564 1609; baseline -0.001 -26"><span class='ocrx_word' id='word_1_78' title='bbox 196 1521 263 1584; x_wconf 92' lang='lat' dir='ltr'><strong>in</strong></span> <span class='ocrx_word' id='word_1_79' title='bbox 289 1520 402 1584; x_wconf 94' lang='lat' dir='ltr'><strong>illo</strong></span> <span class='ocrx_word' id='word_1_80' title='bbox 422 1517 731 1609; x_wconf 84' lang='lat' dir='ltr'><strong>praesens?</strong></span> <span class='ocrx_word' id='word_1_81' title='bbox 780 1521 824 1584; x_wconf 90' lang='lat' dir='ltr'><strong>fi</strong></span> <span class='ocrx_word' id='word_1_82' title='bbox 854 1521 1142 1585; x_wconf 90' lang='lat' dir='ltr'><strong>infinitus</strong></span> <span class='ocrx_word' id='word_1_83' title='bbox 1164 1521 1386 1584; x_wconf 87' lang='lat' dir='ltr'><strong>omnia</strong></span> <span class='ocrx_word' id='word_1_84' title='bbox 1412 1542 1564 1609; x_wconf 84' lang='lat' dir='ltr'><strong>prae-</strong></span> 
     </span>
     <span class='ocr_line' id='line_1_15' title="bbox 197 1613 1560 1703; baseline 0.002 -29"><span class='ocrx_word' id='word_1_85' title='bbox 197 1613 448 1691; x_wconf 91' lang='lat' dir='ltr'><strong>viderit,</strong></span> <span class='ocrx_word' id='word_1_86' title='bbox 501 1637 718 1679; x_wconf 90' lang='lat' dir='ltr'><strong>annon</strong></span> <span class='ocrx_word' id='word_1_87' title='bbox 769 1614 853 1678; x_wconf 90' lang='lat' dir='ltr'><strong>fic</strong></span> <span class='ocrx_word' id='word_1_88' title='bbox 902 1616 1098 1678; x_wconf 90' lang='lat' dir='ltr'><strong>etiam</strong></span> <span class='ocrx_word' id='word_1_89' title='bbox 1153 1613 1560 1703; x_wconf 88' lang='lat' dir='ltr'><strong>providerat;</strong></span> 
     </span>
     <span class='ocr_line' id='line_1_16' title="bbox 194 1707 1563 1797; baseline 0.001 -27"><span class='ocrx_word' id='word_1_90' title='bbox 194 1707 598 1796; x_wconf 90' lang='lat' dir='ltr'><strong>providentia</strong></span> <span class='ocrx_word' id='word_1_91' title='bbox 631 1731 664 1771; x_wconf 91' lang='lat' dir='ltr'>a</span> <span class='ocrx_word' id='word_1_92' title='bbox 712 1708 1127 1797; x_wconf 66' lang='lat' dir='ltr'><strong>praevidentia</strong></span> <span class='ocrx_word' id='word_1_93' title='bbox 1176 1708 1243 1771; x_wconf 91' lang='lat' dir='ltr'><strong>in</strong></span> <span class='ocrx_word' id='word_1_94' title='bbox 1294 1708 1563 1772; x_wconf 89' lang='lat' dir='ltr'><strong>Infinito</strong></span> 
     </span>
     <span class='ocr_line' id='line_1_17' title="bbox 196 1800 1565 1891; baseline -0.001 -24"><span class='ocrx_word' id='word_1_95' title='bbox 196 1800 507 1891; x_wconf 86' lang='lat' dir='ltr'><strong>distingui</strong></span> <span class='ocrx_word' id='word_1_96' title='bbox 529 1817 864 1891; x_wconf 88' lang='lat' dir='ltr'><strong>nequeunt</strong></span> <span class='ocrx_word' id='word_1_97' title='bbox 887 1828 903 1879; x_wconf 91' lang='lat'>;</span> <span class='ocrx_word' id='word_1_98' title='bbox 956 1802 1000 1866; x_wconf 92' lang='lat' dir='ltr'>fi</span> <span class='ocrx_word' id='word_1_99' title='bbox 1023 1802 1202 1866; x_wconf 92' lang='lat' dir='ltr'><strong>enim</strong></span> <span class='ocrx_word' id='word_1_100' title='bbox 1225 1802 1565 1890; x_wconf 89' lang='lat' dir='ltr'><strong>providen-</strong></span> 
     </span>
     <span class='ocr_line' id='line_1_18' title="bbox 196 1893 1564 1985; baseline 0 -26"><span class='ocrx_word' id='word_1_101' title='bbox 196 1896 285 1959; x_wconf 92' lang='lat' dir='ltr'><strong>tia</strong></span> <span class='ocrx_word' id='word_1_102' title='bbox 328 1893 701 1984; x_wconf 89' lang='lat' dir='ltr'><strong>sequeretur</strong></span> <span class='ocrx_word' id='word_1_103' title='bbox 744 1895 1249 1985; x_wconf 86' lang='lat' dir='ltr'><strong>praevidentiam,</strong></span> <span class='ocrx_word' id='word_1_104' title='bbox 1294 1895 1564 1959; x_wconf 89' lang='lat' dir='ltr'>ubinam</span> 
     </span>
     <span class='ocr_line' id='line_1_19' title="bbox 197 1988 1565 2078; baseline 0.001 -26"><span class='ocrx_word' id='word_1_105' title='bbox 197 1988 288 2052; x_wconf 91' lang='lat' dir='ltr'><strong>est</strong></span> <span class='ocrx_word' id='word_1_106' title='bbox 310 1990 627 2054; x_wconf 87' lang='lat' dir='ltr'><strong>infinitas?</strong></span> <span class='ocrx_word' id='word_1_107' title='bbox 662 1990 704 2054; x_wconf 93' lang='lat' dir='ltr'>fi</span> <span class='ocrx_word' id='word_1_108' title='bbox 727 1988 1069 2054; x_wconf 89' lang='lat' dir='ltr'><strong>succeffive</strong></span> <span class='ocrx_word' id='word_1_109' title='bbox 1094 1991 1157 2054; x_wconf 71' lang='grc' dir='ltr'><strong>δε</strong></span> <span class='ocrx_word' id='word_1_110' title='bbox 1183 1989 1250 2052; x_wconf 93' lang='lat' dir='ltr'><strong>in</strong></span> <span class='ocrx_word' id='word_1_111' title='bbox 1272 2004 1565 2078; x_wconf 86' lang='lat' dir='ltr'><strong>tempore</strong></span> 
     </span>
     <span class='ocr_line' id='line_1_20' title="bbox 199 2079 1564 2172; baseline 0.001 -25"><span class='ocrx_word' id='word_1_112' title='bbox 199 2079 450 2172; x_wconf 90' lang='lat' dir='ltr'><strong>semper</strong></span> <span class='ocrx_word' id='word_1_113' title='bbox 483 2107 517 2147; x_wconf 94' lang='lat' dir='ltr'><strong>e</strong></span> <span class='ocrx_word' id='word_1_114' title='bbox 552 2105 722 2148; x_wconf 93' lang='lat' dir='ltr'><strong>novo</strong></span> <span class='ocrx_word' id='word_1_115' title='bbox 755 2086 820 2150; x_wconf 72' lang='grc' dir='ltr'><strong>ὅε</strong></span> <span class='ocrx_word' id='word_1_116' title='bbox 854 2106 1025 2148; x_wconf 92' lang='lat' dir='ltr'><strong>novo</strong></span> <span class='ocrx_word' id='word_1_117' title='bbox 1047 2083 1243 2171; x_wconf 86' lang='lat' dir='ltr'>juxta</span> <span class='ocrx_word' id='word_1_118' title='bbox 1276 2100 1564 2161; x_wconf 78' lang='lat' dir='ltr'><strong>eventu3‚</strong></span> 
     </span>
     <span class='ocr_line' id='line_1_21' title="bbox 199 2174 1565 2268; baseline 0.001 -27"><span class='ocrx_word' id='word_1_119' title='bbox 199 2199 363 2265; x_wconf 88' lang='lat' dir='ltr'><strong>quos</strong></span> <span class='ocrx_word' id='word_1_120' title='bbox 394 2178 568 2266; x_wconf 87' lang='lat' dir='ltr'><strong>prius</strong></span> <span class='ocrx_word' id='word_1_121' title='bbox 595 2174 1010 2268; x_wconf 57' lang='lat' dir='ltr'><strong>exspectaret,</strong></span> <span class='ocrx_word' id='word_1_122' title='bbox 1036 2193 1109 2242; x_wconf 93' lang='lat' dir='ltr'><strong>ut</strong></span> <span class='ocrx_word' id='word_1_123' title='bbox 1133 2174 1319 2242; x_wconf 91' lang='lat' dir='ltr'><strong>sciret</strong></span> <span class='ocrx_word' id='word_1_124' title='bbox 1346 2201 1565 2242; x_wconf 90' lang='lat' dir='ltr'><strong>annon</strong></span> 
     </span>
     <span class='ocr_line' id='line_1_22' title="bbox 201 2271 1565 2361; baseline 0.001 -27"><span class='ocrx_word' id='word_1_125' title='bbox 201 2271 286 2334; x_wconf 90' lang='lat' dir='ltr'><strong>fic</strong></span> <span class='ocrx_word' id='word_1_126' title='bbox 320 2272 621 2350; x_wconf 91' lang='lat' dir='ltr'><strong>eveniret,</strong></span> <span class='ocrx_word' id='word_1_127' title='bbox 658 2287 1030 2361; x_wconf 88' lang='lat' dir='ltr'><strong>operaretur</strong></span> <span class='ocrx_word' id='word_1_128' title='bbox 1076 2275 1139 2337; x_wconf 65' lang='grc' dir='ltr'><strong>ὅς</strong></span> <span class='ocrx_word' id='word_1_129' title='bbox 1178 2272 1565 2360; x_wconf 89' lang='lat' dir='ltr'><strong>provideret,</strong></span> 
     </span>
     <span class='ocr_line' id='line_1_23' title="bbox 202 2363 1567 2455; baseline 0.004 -29"><span class='ocrx_word' id='word_1_130' title='bbox 202 2363 316 2427; x_wconf 94' lang='lat' dir='ltr'><strong>ubi</strong></span> <span class='ocrx_word' id='word_1_131' title='bbox 367 2364 457 2429; x_wconf 90' lang='lat' dir='ltr'><strong>est</strong></span> <span class='ocrx_word' id='word_1_132' title='bbox 507 2366 884 2431; x_wconf 88' lang='lat' dir='ltr'><strong>infinitum?</strong></span> <span class='ocrx_word' id='word_1_133' title='bbox 940 2367 984 2431; x_wconf 91' lang='lat' dir='ltr'><strong>fi</strong></span> <span class='ocrx_word' id='word_1_134' title='bbox 1037 2366 1439 2455; x_wconf 86' lang='lat' dir='ltr'><strong>providentia</strong></span> <span class='ocrx_word' id='word_1_135' title='bbox 1493 2367 1567 2431; x_wconf 88' lang='lat' dir='ltr'><strong>fit</strong></span> 
     </span>
     <span class='ocr_line' id='line_1_24' title="bbox 201 2454 1567 2550; baseline 0.002 -29"><span class='ocrx_word' id='word_1_136' title='bbox 201 2454 542 2524; x_wconf 80' lang='lat' dir='ltr'><strong>successiva</strong></span> <span class='ocrx_word' id='word_1_137' title='bbox 597 2476 791 2549; x_wconf 91' lang='lat' dir='ltr'><strong>prout</strong></span> <span class='ocrx_word' id='word_1_138' title='bbox 845 2475 1123 2550; x_wconf 83' lang='lat' dir='ltr'><strong>tempuS,</strong></span> <span class='ocrx_word' id='word_1_139' title='bbox 1180 2460 1295 2524; x_wconf 91' lang='lat' dir='ltr'><strong>ubi</strong></span> <span class='ocrx_word' id='word_1_140' title='bbox 1350 2460 1567 2524; x_wconf 90' lang='lat' dir='ltr'><strong>infini-</strong></span> 
     </span>
     <span class='ocr_line' id='line_1_25' title="bbox 201 2553 1568 2642; baseline 0.002 -27"><span class='ocrx_word' id='word_1_141' title='bbox 201 2553 391 2616; x_wconf 90' lang='lat' dir='ltr'><strong>tum?</strong></span> <span class='ocrx_word' id='word_1_142' title='bbox 455 2575 672 2618; x_wconf 90' lang='lat' dir='ltr'><strong>annon</strong></span> <span class='ocrx_word' id='word_1_143' title='bbox 732 2553 861 2619; x_wconf 89' lang='lat' dir='ltr'><strong>hoc</strong></span> <span class='ocrx_word' id='word_1_144' title='bbox 918 2555 1087 2620; x_wconf 89' lang='lat' dir='ltr'><strong>finiti</strong></span> <span class='ocrx_word' id='word_1_145' title='bbox 1144 2554 1304 2642; x_wconf 91' lang='lat' dir='ltr'><strong>quid</strong></span> <span class='ocrx_word' id='word_1_146' title='bbox 1362 2554 1568 2618; x_wconf 91' lang='lat' dir='ltr'><strong>invol-</strong></span> 
     </span>
     <span class='ocr_line' id='line_1_26' title="bbox 199 2646 1567 2737; baseline 0.002 -29"><span class='ocrx_word' id='word_1_147' title='bbox 199 2646 337 2710; x_wconf 89' lang='lat' dir='ltr'><strong>vit?</strong></span> <span class='ocrx_word' id='word_1_148' title='bbox 384 2669 592 2734; x_wconf 90' lang='lat' dir='ltr'>quum</span> <span class='ocrx_word' id='word_1_149' title='bbox 640 2648 857 2737; x_wconf 89' lang='lat' dir='ltr'><strong>itaque</strong></span> <span class='ocrx_word' id='word_1_150' title='bbox 905 2647 1196 2713; x_wconf 87' lang='lat' dir='ltr'><strong>infinitus</strong></span> <span class='ocrx_word' id='word_1_151' title='bbox 1247 2649 1358 2726; x_wconf 90' lang='lat' dir='ltr'><strong>est,</strong></span> <span class='ocrx_word' id='word_1_152' title='bbox 1406 2647 1567 2737; x_wconf 90' lang='lat' dir='ltr'><strong>quid</strong></span> 
     </span>
     <span class='ocr_line' id='line_1_27' title="bbox 200 2739 1565 2832; baseline 0.001 -29"><span class='ocrx_word' id='word_1_153' title='bbox 200 2762 361 2828; x_wconf 89' lang='lat' dir='ltr'><strong>opus</strong></span> <span class='ocrx_word' id='word_1_154' title='bbox 395 2739 483 2803; x_wconf 90' lang='lat' dir='ltr'><strong>est</strong></span> <span class='ocrx_word' id='word_1_155' title='bbox 516 2740 702 2805; x_wconf 91' lang='lat' dir='ltr'>illum</span> <span class='ocrx_word' id='word_1_156' title='bbox 739 2743 923 2807; x_wconf 89' lang='lat' dir='ltr'><strong>finire</strong></span> <span class='ocrx_word' id='word_1_157' title='bbox 958 2743 1035 2807; x_wconf 88' lang='lat' dir='ltr'><strong>ad</strong></span> <span class='ocrx_word' id='word_1_158' title='bbox 1076 2758 1351 2832; x_wconf 85' lang='lat' dir='ltr'><strong>tempus,</strong></span> <span class='ocrx_word' id='word_1_159' title='bbox 1389 2740 1565 2806; x_wconf 85' lang='lat' dir='ltr'>casus</span> 
     </span>
     <span class='ocr_line' id='line_1_28' title="bbox 202 2833 1568 2922; baseline 0.001 -26"><span class='ocrx_word' id='word_1_160' title='bbox 202 2848 311 2897; x_wconf 90' lang='lat' dir='ltr'><strong>aut</strong></span> <span class='ocrx_word' id='word_1_161' title='bbox 347 2833 487 2909; x_wconf 89' lang='lat' dir='ltr'>alia,</span> <span class='ocrx_word' id='word_1_162' title='bbox 514 2856 658 2922; x_wconf 89' lang='lat' dir='ltr'><strong>quae</strong></span> <span class='ocrx_word' id='word_1_163' title='bbox 683 2834 895 2900; x_wconf 89' lang='lat' dir='ltr'>statim</span> <span class='ocrx_word' id='word_1_164' title='bbox 931 2836 1334 2901; x_wconf 89' lang='lat' dir='ltr'><strong>involverent</strong></span> <span class='ocrx_word' id='word_1_165' title='bbox 1356 2837 1421 2899; x_wconf 91' lang='lat' dir='ltr'><strong>in</strong></span> <span class='ocrx_word' id='word_1_166' title='bbox 1460 2838 1568 2900; x_wconf 92' lang='lat' dir='ltr'><strong>In-</strong></span> 
     </span>
     <span class='ocr_line' id='line_1_29' title="bbox 202 2926 1568 3014; baseline 0 -23"><span class='ocrx_word' id='word_1_167' title='bbox 202 2927 389 2991; x_wconf 93' lang='lat' dir='ltr'><strong>finito</strong></span> <span class='ocrx_word' id='word_1_168' title='bbox 411 2926 654 3014; x_wconf 91' lang='lat' dir='ltr'>aliquid</span> <span class='ocrx_word' id='word_1_169' title='bbox 677 2929 845 2994; x_wconf 90' lang='lat' dir='ltr'><strong>finiti</strong></span> <span class='ocrx_word' id='word_1_170' title='bbox 866 2929 1012 2996; x_wconf 85' lang='lat' dir='ltr'><strong>effe:</strong></span> <span class='ocrx_word' id='word_1_171' title='bbox 1068 2930 1110 2994; x_wconf 89' lang='lat' dir='ltr'><strong>fi</strong></span> <span class='ocrx_word' id='word_1_172' title='bbox 1132 2931 1353 2994; x_wconf 89' lang='lat' dir='ltr'><strong>omnia</strong></span> <span class='ocrx_word' id='word_1_173' title='bbox 1377 2928 1568 2993; x_wconf 90' lang='lat' dir='ltr'>fimul</span> 
     </span>
    </p>
   </div>
   <div class='ocr_carea' id='block_1_3' title="bbox 807 3025 1570 3112">
    <p class='ocr_par' dir='ltr' id='par_1_3' title="bbox 807 3025 1570 3112">
     <span class='ocr_line' id='line_1_30' title="bbox 807 3025 1570 3112; baseline -0.004 -24"><span class='ocrx_word' id='word_1_174' title='bbox 807 3025 862 3088; x_wconf 95' lang='lat' dir='ltr'><strong>F</strong></span> <span class='ocrx_word' id='word_1_175' title='bbox 900 3046 937 3112; x_wconf 83' lang='lat'>5</span> <span class='ocrx_word' id='word_1_176' title='bbox 1353 3025 1570 3087; x_wconf 64' lang='lat' dir='ltr'><strong>aetua-</strong></span> 
     </span>
    </p>
   </div>
  </div>
 </body>
</html>
