2080 3424
474 292 558 358 30
815 274 968 362 Cap.
1004 275 1059 339 I.
1096 274 1202 338 De
1234 273 1480 361 Infinito

467 402 653 469 causa
702 404 933 484 fuiffet,
979 405 1269 497 sequitur
1308 407 1522 473 statim
1561 408 1830 498 aliquid,

468 499 644 587 quod
678 502 910 565 rationi
944 502 1021 565 ad
1049 503 1346 567 amuffim
1376 520 1730 592 repugnat:
1785 504 1829 567 fi

467 594 728 658 finitum
766 595 857 673 fit,
896 596 939 659 fi
977 598 1288 670 naturale,
1317 598 1418 661 vel
1455 598 1656 662 fimile
1688 596 1831 661 fini-

467 701 535 750 to
571 703 682 752 aut
717 690 1016 766 naturali,
1053 689 1319 755 habebit
1353 690 1502 767 hoe,
1538 691 1716 780 quod
1761 691 1830 754 in

466 804 542 844 eo
578 783 841 846 finitum
875 783 984 859 est,
1021 785 1121 847 vel
1156 786 1333 873 quod
1379 786 1691 860 naturale,
1727 784 1830 848 vel

466 875 669 939 fimile
693 877 988 951 naturali,
1013 878 1299 966 aliquam
1321 877 1578 942 causam
1602 894 1712 943 aut
1731 901 1831 943 or-

464 984 609 1033 tum
637 996 652 1033 :
707 971 749 1034 fi
779 971 1042 1034 finitum
1070 973 1353 1037 admittit
1383 973 1627 1062 aliquid
1661 973 1830 1036 fimi-

462 1063 522 1127 le
558 1065 623 1127 in
660 1061 743 1141 se,
781 1064 952 1128 unde
986 1064 1114 1129 hoc
1147 1066 1395 1131 fimile?
1444 1067 1616 1131 unde
1658 1067 1726 1129 in
1766 1063 1829 1130 se

462 1157 708 1246 aliquid
759 1157 965 1248 potest
1022 1160 1360 1224 admittere
1418 1161 1548 1224 fine
1600 1158 1832 1224 causa?

463 1251 547 1314 fic
583 1252 754 1316 videt
799 1253 995 1330 illico,
1034 1270 1322 1317 mentem
1372 1252 1551 1318 suam
1589 1278 1622 1317 e
1659 1276 1829 1318 novo

461 1345 529 1407 in
580 1343 696 1409 suo
738 1346 911 1410 nodo
955 1347 1288 1424 laborare3
1341 1349 1577 1437 &jam
1611 1348 1678 1412 in
1715 1348 1829 1411 du-

461 1438 647 1503 bium
705 1463 952 1518 vocare,
1006 1442 1184 1529 quod
1240 1443 1412 1530 prius
1468 1442 1546 1506 de
1604 1458 1830 1507 natura

460 1534 670 1621 prima
718 1534 967 1623 origine
1003 1559 1082 1599 ex
1123 1536 1472 1600 rationibus
1514 1535 1638 1601 suis
1671 1558 1830 1600 con-

462 1625 774 1703 cluserat3
843 1652 998 1693 nam
1050 1629 1191 1694 vult
1242 1632 1516 1694 omnino
1564 1653 1827 1718 compe·

462 1735 672 1786 tenter
706 1719 1106 1811 respondere,
1135 1724 1307 1788 unde
1332 1727 1396 1790 δε
1418 1748 1497 1788 ex
1527 1749 1656 1814 qua
1677 1747 1827 1789 cau-

459 1812 524 1879 sa
550 1813 676 1880 hoc
711 1819 922 1904 potuit
945 1818 1236 1893 existere,
1262 1833 1371 1882 aut
1406 1819 1488 1883 fic
1516 1818 1782 1883 existere
1807 1845 1822 1895 ;

458 1909 620 1973 ratio
654 1910 820 1974 clare
855 1911 1123 1985 diffitat,
1159 1911 1337 1999 quod
1383 1934 1515 1976 non
1561 1912 1748 2001 poffit
1792 1935 1826 1975 a

460 1999 543 2078 se,
573 2005 725 2091 quia
752 2004 840 2067 est
870 2004 1130 2068 finitum
1156 2005 1257 2069 vel
1292 2005 1495 2070 fimile
1523 2007 1729 2084 finito,
1756 2006 1825 2070 fi-

460 2095 584 2159 niri
615 2097 789 2185 prius
824 2098 1046 2162 debuit
1080 2098 1180 2162 vel
1220 2099 1424 2162 fimile
1460 2099 1638 2163 reddi
1682 2099 1824 2164 fini-

458 2204 558 2264 to;
611 2190 815 2254 volvit
841 2191 1040 2268 illico,
1071 2215 1232 2256 num
1261 2215 1340 2255 ex
1363 2190 1424 2256 se
1459 2194 1644 2282 poffit
1679 2194 1822 2271 effe,

460 2283 754 2359 affirmat,
817 2301 1030 2374 negat,
1088 2286 1358 2362 dubitat,
1417 2288 1591 2351 videt
1646 2289 1822 2377 quod

458 2398 592 2439 non
633 2378 818 2466 poflit
851 2402 931 2442 ex
974 2377 1061 2460 se,
1098 2377 1204 2443 sed
1244 2381 1421 2468 quod
1469 2379 1655 2445 causa
1689 2383 1823 2471 ejus

458 2470 670 2559 aliqua
697 2470 925 2538 fuerit:
979 2475 1022 2538 fi
1050 2497 1130 2537 ex
1165 2472 1248 2550 se,
1274 2497 1405 2538 non
1440 2477 1654 2563 potuit
1674 2475 1821 2542 casu

456 2586 537 2627 ex
561 2563 622 2628 se
645 2564 949 2654 effe,quia
971 2568 1164 2646 videt,
1182 2568 1293 2632 ubi
1317 2568 1494 2633 nulla
1514 2566 1701 2634 causa
1717 2572 1821 2635 ad-

455 2657 566 2735 est,
611 2681 730 2722 nec
783 2660 951 2724 ullus
995 2659 1172 2726 casus
1221 2662 1413 2741 adest,
1465 2660 1595 2752 ipse
1647 2661 1822 2730 casus

455 2775 587 2815 non
624 2752 914 2841 agnoscit
957 2755 1316 2844 fimplicem
1357 2754 1460 2820 sed
1507 2759 1821 2848 multipli-

453 2868 598 2909 cem
620 2846 896 2924 causam;
951 2849 1148 2928 addit,
1175 2850 1218 2913 fi
1241 2872 1320 2912 ex
1343 2848 1512 2928 casU,
1536 2875 1820 2939 quomo-

453 2939 537 3004 do
570 2942 786 3029 potuit
818 2941 936 3006 effe
970 2943 1118 3020 tale,
1155 2959 1226 3008 ut
1270 2946 1492 3008 omnia
1526 2946 1821 3035 deinceps

1670 3040 1820 3104 inde
