2080 3424
419 283 489 348 δέ’
521 281 916 369 caustzfinali
939 281 1284 346 creationis.
1416 305 1439 346 1
1464 304 1543 371 17

180 419 349 483 idem
386 417 641 494 diceret,
667 440 884 481 annon
919 417 979 480 ei
1012 418 1410 482 credendum
1446 419 1541 495 fit,

180 514 258 577 ad
309 512 667 576 minimum
712 511 865 597 quia
918 509 1048 599 ipse
1103 511 1270 574 mihi
1324 510 1538 575 credo.

179 608 328 692 Jam
365 607 576 669 videre
610 605 781 681 licet,
810 627 1028 668 annon
1064 603 1195 693 ipse
1224 607 1404 669 Deus
1434 620 1545 669 aut

181 702 209 764 I
218 700 483 763 nfimtus
510 699 637 763 hoc
663 695 877 788 ipsum
907 699 1091 762 nobis
1119 699 1400 763 revelare
1427 722 1544 762 vo-

178 793 392 871 luerit,
429 793 584 857 dicit
617 794 818 870 enim,
856 792 935 856 ab
970 808 1206 856 aeterno
1223 791 1545 898 ‘peperisse

177 887 389 951 filium
424 905 535 952 aut
564 887 1003 976 unigenitum,
1031 890 1095 952 ὅτ,
1123 887 1547 975 unigenitum

178 979 298 1046 effe
327 980 675 1046 Infinitum
701 983 766 1047 δε
787 980 907 1044 effe
936 983 1184 1058 Deum,
1207 983 1271 1045 δε
1293 1004 1546 1044 nexum

179 1074 298 1139 effe
348 1074 516 1139 finiti
558 1078 623 1141 &
670 1073 922 1140 Infiniti
969 1097 1080 1163 per
1125 1075 1546 1162 unigenitum

179 1169 515 1233 infinitum
539 1173 602 1234 δε
626 1171 948 1245 Deum,&
968 1186 1220 1258 patrem
1242 1171 1306 1234 &
1331 1168 1544 1232 filium

179 1261 298 1326 effe
322 1286 528 1327 unum
542 1265 791 1340 Deum,
811 1263 1543 1351 utrumqueinfinitum,

181 1372 537 1446 utrumque
558 1373 912 1421 creatorem
935 1357 1210 1420 univerfi
1234 1357 1402 1421 finiti
1422 1384 1437 1434 ;
1475 1358 1540 1420 in

180 1452 517 1515 creationis
580 1474 772 1539 opere
837 1467 1195 1539 utrumque
1260 1474 1543 1515 concur-

181 1542 339 1621 risse,
375 1543 482 1609 sed
522 1561 741 1609 tamen
786 1544 871 1609 ita
915 1545 1242 1609 distinetos
1289 1545 1434 1625 efl‘e,
1474 1561 1547 1610 ut

181 1638 289 1701 ille
323 1640 394 1703 fit
434 1655 608 1723 pater
642 1636 751 1702 hic
788 1639 976 1715 filius,
1014 1638 1121 1702 ille
1156 1639 1365 1727 prima
1398 1662 1544 1727 per-

180 1730 354 1809 sona,
386 1732 493 1796 hic
527 1732 739 1813 altera,
779 1734 994 1821 ficque
1030 1747 1103 1795 ut
1137 1757 1266 1820 qua
1302 1756 1544 1797 nomen

179 1828 371 1914 patris
408 1829 473 1892 δε
518 1826 654 1902 filii,
691 1831 754 1891 δε
799 1851 927 1915 qua
975 1849 1215 1890 nomen
1266 1824 1549 1916 personae

181 1922 302 1986 &a
335 1921 456 1985 fint
483 1920 643 1993 bini,
668 1919 772 1985 sed
797 1945 926 2009 qua
948 1920 1338 1985 infinitatem
1365 1924 1430 1987 δε
1457 1922 1548 1985 di-

181 2014 519 2079 vinitatem
554 2015 676 2078 fint
710 2038 922 2079 unum
955 2017 1020 2080 &
1054 2014 1267 2080 idem:
1322 2016 1406 2079 fic
1433 2014 1549 2079 ha-

182 2106 411 2171 bemus
437 2107 582 2172 heic
610 2110 815 2174 fimile
842 2109 1023 2196 quid,
1054 2110 1230 2196 quod
1257 2109 1418 2172 ratio
1445 2109 1545 2172 di-

182 2203 480 2280 &averem
517 2206 694 2291 quod
730 2201 969 2267 scilicet
1010 2225 1213 2266 nexus
1262 2204 1334 2267 fit
1378 2204 1549 2268 finiti

182 2297 247 2360 &
274 2296 545 2373 Infiniti‚
572 2297 749 2384 quod
777 2293 966 2361 eausa
992 2297 1196 2360 finalis
1223 2298 1294 2361 fit
1317 2298 1548 2363 Infini-

182 2389 254 2465 ti,
288 2387 392 2453 sed
430 2413 540 2478 per
573 2391 763 2455 illum
800 2413 1069 2467 nexum,
1105 2391 1284 2479 quod
1318 2415 1432 2480 per
1466 2391 1548 2456 fi-

184 2482 348 2546 lium
384 2484 456 2547 fit
490 2507 694 2549 nexus
735 2485 987 2550 Infiniti
1035 2508 1191 2548 cum
1239 2487 1450 2564 finite,
1486 2489 1550 2551 &

185 2596 298 2664 per
324 2577 487 2641 nihil
514 2578 721 2656 aliud;
759 2602 916 2668 ergo
943 2580 1027 2643 fic
1057 2579 1369 2644 habemus
1396 2603 1550 2644 con-

186 2668 585 2735 cordantiam
629 2673 1034 2738 revelationis
1083 2696 1240 2738 cum
1286 2675 1548 2738 ratioci-

188 2778 470 2828 nanone.

869 3049 939 3112 H
981 3070 1014 3135 3
1428 3046 1552 3111 Sed
