2080 3424
445 229 565 315 178
703 231 856 318 Cap.
894 228 986 294 II.
1023 228 1126 293 De
1158 224 1541 312 mechanisma

434 389 588 429 nem
623 363 736 444 est,
767 367 806 430 fi
845 382 1060 430 motus
1096 365 1195 428 via
1229 363 1302 428 fit
1336 362 1402 426 in
1438 363 1679 426 lineam
1713 386 1806 426 re-

435 462 628 537 ctam,
666 476 886 524 tamen
921 460 1009 523 est
1044 457 1547 547 geometricum,
1585 472 1806 544 quate-

436 577 554 618 nus
598 553 688 617 est
734 555 903 618 linea
935 554 1035 617 vel
1081 568 1170 616 est
1213 552 1280 615 in
1317 553 1605 616 rectum:
1659 551 1704 614 fi
1738 550 1806 613 in

434 649 758 712 circulum
809 648 898 711 est
947 646 1422 736 geometricum
1464 646 1528 708 &
1571 645 1807 733 pariter

434 742 792 830 figuratum
820 758 1139 829 quatenus
1163 740 1232 802 in
1260 738 1584 802 circulum
1612 765 1628 814 ;
1666 738 1711 801 fi
1739 739 1806 801 in

437 837 630 900 aliam
667 837 971 924 figuram,
1012 835 1209 897 modo
1255 833 1327 896 fit
1361 854 1395 894 e
1434 832 1581 895 loco
1615 831 1682 895 in
1716 831 1808 895 lo·

437 954 612 1006 cum,
661 929 734 993 fit
783 927 997 992 statim
1047 952 1081 990 a
1131 928 1412 990 termino
1462 925 1540 988 ad
1589 925 1809 989 termi-

440 1047 628 1098 num,
667 1027 731 1089 δε
765 1021 1234 1110 consequenter
1282 1020 1353 1083 fit
1395 1034 1610 1082 motus
1661 1042 1810 1107 geo-

441 1119 746 1182 metricus
780 1117 879 1180 vel
915 1115 1227 1204 figuratus
1256 1141 1269 1178 :
1324 1135 1403 1176 ex
1449 1112 1545 1176 his
1579 1113 1643 1177 δε
1675 1113 1810 1177 aliis

439 1211 848 1300 perplurimis
893 1207 1293 1298 argumentis
1329 1206 1634 1270 concludi
1674 1223 1813 1296 pot-

439 1306 550 1383 est,
588 1304 751 1369 nihil
801 1302 936 1368 dari
985 1305 1052 1367 in
1104 1324 1321 1366 rerum
1371 1316 1620 1377 natura,
1657 1324 1812 1389 qua-

442 1418 628 1463 tenus
662 1399 751 1463 est
786 1398 991 1475 finita,
1027 1399 1091 1462 &
1120 1396 1458 1486 qualitates
1492 1398 1555 1460 &
1587 1393 1814 1458 modos

442 1493 657 1570 habet,
695 1492 873 1582 quod
909 1515 1042 1555 non
1070 1488 1195 1554 suis
1222 1490 1457 1577 regulis
1493 1489 1810 1577 gaudeat3

440 1588 675 1676 pariter
697 1586 870 1675 quod
901 1587 966 1648 in
996 1583 1221 1650 nostris
1249 1583 1645 1648 naturalibus
1667 1583 1813 1647 nul-

442 1684 513 1746 ]ae
564 1682 697 1745 aliae
744 1680 980 1769 regulae
1026 1679 1280 1751 dentur,
1319 1701 1520 1766 quarn
1555 1698 1814 1766 geome-

443 1775 616 1840 tricae
651 1776 714 1840 &
749 1773 1159 1838 mechanicae.

194 1982 419 2027 Numani·
539 1962 660 2027 Sed
695 1962 849 2050 quia
877 1960 953 2025 de
981 1962 1198 2024 anima
1220 1958 1456 2047 agitur,
1484 1957 1815 2022 videamus

131 2066 197 2094 m
222 2049 285 2110 stt
311 2061 397 2151 {ur
399 2063 420 2093 e
431 2055 596 2144 jam,
625 2079 705 2120 an
733 2055 948 2118 anima
969 2055 1225 2142 concipi
1260 2052 1444 2141 poffit
1471 2068 1542 2116 ut
1569 2052 1811 2140 aliquid

118 2117 324 2179 stmplex.
443 2173 685 2239 purum
736 2149 1002 2227 actuale,
1054 2146 1298 2235 aliquid
1353 2146 1644 2233 fimplex,
1691 2146 1815 2210 tale

444 2260 516 2308 ut
573 2242 944 2332 geometriae
993 2244 1055 2306 δε
1106 2238 1533 2304 mechanismi
1591 2262 1817 2329 expers

449 2339 562 2413 fit;
618 2337 660 2400 fi
696 2337 874 2399 enim
909 2359 1069 2424 pure
1101 2335 1372 2422 fimplex
1410 2334 1504 2410 fit,
1542 2356 1674 2397 non
1711 2334 1815 2397 ad-

447 2431 649 2495 mittit
677 2430 947 2518 gradus:
1001 2428 1304 2516 fimplicis
1332 2427 1524 2514 hujus
1559 2426 1817 2492 effentia

447 2525 558 2603 est,
604 2539 677 2587 ut
716 2522 998 2612 partibus
1038 2538 1271 2600 careat,
1311 2525 1373 2586 ἃ
1418 2518 1815 2609 consequen-

448 2636 543 2682 ter
576 2617 842 2690 extensi,
880 2614 1087 2705 spatii‚
1119 2616 1533 2680 dimenfionis
1559 2618 1622 2681 ἂ.
1650 2615 1817 2704 figu-

450 2735 528 2776 rae
555 2733 775 2798 expers
811 2711 925 2794 fit3
979 2733 1131 2773 nam
1168 2710 1212 2773 fi
1242 2710 1512 2797 fimplex
1549 2707 1659 2782 est,
1684 2732 1817 2796 quo

453 2805 801 2894 {implicius
837 2803 1002 2867 nihil
1039 2804 1173 2867 dari
1196 2803 1406 2892 poffit,
1431 2805 1658 2891 utique
1679 2824 1818 2891 par-

450 2901 640 2976 tium,
665 2897 933 2988 spatii&
957 2897 1178 2985 figurae
1199 2919 1422 2986 expers
1444 2897 1562 2960 effe
1584 2897 1774 2960 debet
1797 2922 1813 2970 ;

1562 2990 1604 3053 fi
1640 2990 1817 3053 enim
