2080 3424
517 300 648 344 202
782 281 939 368 Cap.
978 280 1070 344 II.
1107 278 1210 342 De
1241 275 1627 362 mechang'fmo

516 414 789 478 homine
837 417 1194 492 moriente,
1180 441 1193 455 ·
1247 414 1424 505 quod
1474 413 1667 477 etiam
1715 410 1882 477 foret

516 532 782 597 arguere
797 509 1143 574 Infinitum
1159 509 1347 596 alicuj
1359 531 1429 572 us
1451 508 1620 571 finiti
1640 521 1749 571 aut
1763 507 1882 569 im-

513 601 940 692 perfectionis,
1045 602 1248 692 Qod
1294 601 1680 666 concludere
1731 599 1884 664 licet
1963 686 1966 689 ,

516 697 711 760 etiam
747 697 1074 760 evidenter
1107 719 1188 760 ex
1224 719 1300 760 eo
1334 711 1647 783 tanquam
1682 693 1758 758 ab
1793 691 1882 757 ef-

514 788 687 854 fectu
697 788 1133 879 ‚quodipsum
1160 790 1348 854 finale
1371 791 1664 853 divinum
1674 787 1884 894 ,quod

515 884 847 948 obtinetur
870 886 1061 948 unice
1087 907 1199 972 per
1225 884 1420 947 fidem
1449 882 1830 947 indubiam
1814 904 1882 944 1n

518 979 771 1056 Deum,
798 978 988 1042 illum
1013 977 1244 1041 habeat
1267 1000 1516 1041 nexum
1540 979 1707 1041 inter
1729 976 1883 1040 Infi-

515 1072 731 1135 nitum
766 1074 830 1139 ὅσ
857 1072 1166 1147 animam,
1196 1087 1267 1135 ut
1302 1072 1418 1159 qui
1450 1070 1716 1135 indubie
1750 1093 1883 1134 cre-

514 1165 608 1229 dit
644 1167 868 1230 Deum
903 1165 1048 1243 effe,
1078 1166 1186 1231 ille
1221 1165 1415 1228 etiam
1450 1165 1718 1229 indubie
1752 1187 1884 1228 cre-

515 1259 622 1323 dat
656 1261 944 1323 animam
979 1258 1098 1323 effe
1134 1258 1616 1336 immortalem3
1670 1273 1734 1322 at
1767 1257 1884 1346 qui

515 1376 647 1417 non
676 1353 879 1418 credit
907 1354 1254 1418 Infinitum
1281 1352 1422 1430 effe,
1448 1354 1496 1417 is
1523 1376 1642 1417 nec
1669 1354 1885 1417 credat

514 1448 802 1511 animam
864 1447 1330 1525 immortalem,
1390 1444 1494 1511 sed
1561 1447 1743 1511 finite
1807 1447 1886 1510 de

516 1556 794 1630 utroque
828 1539 1057 1607 sentit:
1112 1541 1299 1606 Adeo
1336 1556 1407 1604 ut
1439 1540 1588 1606 fidei
1623 1538 1884 1604 effectus

513 1635 587 1698 s1t
622 1635 688 1699 in
725 1658 801 1699 eo
829 1636 1032 1701 veluti
1057 1636 1315 1724 fignum
1345 1657 1548 1700 nexus
1575 1636 1744 1699 inter
1779 1636 1885 1698 In-

515 1729 779 1793 finitum
807 1733 871 1795 &
898 1731 1209 1807 animam,
1241 1746 1311 1794 ut
1339 1729 1552 1794 nullus
1579 1751 1727 1793 vere
1752 1751 1883 1792 cre-

513 1821 661 1886 dere
694 1824 881 1911 poffit
914 1847 1148 1900 unum,
1179 1824 1296 1888 nifi
1331 1823 1547 1887 credat
1582 1823 1880 1899 alterum,

514 1939 634 1980 nec
656 1940 888 2006 negare
912 1940 1146 1994 unum,
1170 1919 1284 1982 nifi
1307 1916 1493 1980 facile
1516 1932 1710 2005 neget
1731 1915 1882 1980 alte-

511 2032 693 2088 rum3
731 2035 811 2074 ex
834 2035 967 2100 quo
990 2012 1375 2075 concludere
1395 2011 1569 2088 licet,
1594 2027 1728 2074 tam
1749 2032 1882 2073 cer-

512 2119 647 2167 tam
670 2104 790 2168 effe
815 2105 1374 2168 immortalitatem
1404 2106 1654 2180 animae,
1677 2127 1880 2192 quam

511 2213 682 2262 certa
715 2198 805 2261 est
830 2198 1166 2263 existentia
1194 2199 1362 2275 Dei;
1415 2201 1478 2263 δε
1504 2198 1695 2261 finale
1724 2198 1883 2262 divi-

515 2314 676 2355 num
705 2315 837 2355 non
865 2290 1033 2380 poffe
1060 2315 1259 2379 quam
1286 2291 1414 2356 hoc
1441 2289 1662 2355 secum
1689 2290 1882 2356 habe-

513 2408 605 2460 re,
641 2386 795 2473 quia
828 2407 976 2449 vera
1009 2385 1163 2450 fides
1191 2385 1318 2450 hoc
1351 2384 1572 2450 secum
1608 2385 1826 2449 habet.

609 2480 711 2542 Ex
735 2476 870 2567 ipso
893 2502 1068 2543 nexu
1092 2481 1346 2544 entium
1370 2484 1431 2544 &
1454 2503 1674 2544 rerum
1699 2495 1882 2543 natu-

513 2573 749 2638 ralium
798 2574 864 2636 in
915 2573 1167 2637 mundo
1217 2573 1532 2661 analytice
1580 2576 1644 2639 ὅῑ
1694 2573 1881 2637 ratio-

515 2667 745 2731 naliter
803 2667 999 2730 etiam
1050 2666 1366 2731 deducere
1420 2671 1483 2734 &
1533 2666 1882 2732 conclude-

515 2784 582 2825 re
616 2762 786 2837 licet‚
812 2761 1099 2825 animam
1127 2758 1236 2824 seu
1263 2759 1740 2826 subtiliffimam
1767 2783 1881 2825 no-

518 2853 627 2919 stri
659 2854 939 2943 corporis
978 2868 1228 2944 partem
1262 2855 1704 2919 immortalem
1737 2853 1876 2919 effe.

518 2951 696 3013 Cum
724 2949 903 3013 enim
930 2949 1146 3013 anima
1173 2950 1288 3014 fit
1273 2973 1340 3014 1n
1370 2965 1597 3014 natura
1622 2948 1882 3036 puriore

1650 3044 1713 3107 δε
1743 3063 1882 3130 per-
