2080 3424
276 429 469 492 Qaestio

528 266 615 333 34
856 246 1010 335 Cap.
1048 249 1103 312 I.
1144 246 1242 311 De
1276 245 1522 335 Itfinito

616 381 848 470 Qum
890 382 1106 471 itaque
1149 380 1336 447 causa
1381 382 1704 472 fimpliciS,
1739 383 1881 472 jam

211 497 321 542 unde
349 496 500 559 Inflm:
522 476 872 540 confitente
907 477 1231 542 ratione&
1252 477 1488 553 anima,
1514 500 1646 542 non
1673 478 1884 542 aliun-

211 574 323 610 tum.
317 566 341 599 Ρ

269 2577 442 2639 Qaest·
443 2595 462 2623 0

522 568 601 634 de.
634 569 906 634 derivari
937 570 1141 659 poffit,
1171 593 1371 658 quam
1407 571 1779 637 immediate
1803 572 1882 636 ab

521 663 828 741 Infinit03
877 662 1142 729 fortaffis
1191 686 1473 752 quaerere
1522 664 1729 743 instas,
1767 689 1884 730 un·

521 756 599 820 de
623 758 874 823 Infiniti
899 755 1131 822 causa?
1179 757 1482 846 Sequitur
1507 756 1881 849 responsum

521 851 599 915 ab
623 850 752 940 ipsa
777 850 886 916 sua
908 852 1178 931 ratione,
1207 865 1519 940 tanquam
1542 875 1577 916 a
1607 851 1883 918 Themi-

494 976 502 981 2
520 944 598 1008 de
624 948 688 1011 δε
713 945 982 1021 cortina,
1011 904 1189 1034 quod
1223 946 1569 1010 Infinitum
1603 969 1736 1012 non
1770 947 1882 1013 ali-

521 1027 694 1103 unde
738 1036 998 1104 causam
1042 1035 1383 1128 agnoscere
1426 1039 1638 1127 poffit,
1679 1065 1880 1131 quam

518 1133 586 1196 in
614 1130 697 1211 se,
723 1137 787 1200 &
808 1132 986 1223 quod
1013 1134 1138 1197 fic
1121 1157 1188 1198 1n
1214 1131 1400 1197 causa
1421 1132 1519 1198 sui
1539 1133 1640 1199 fit:
1678 1135 1883 1224 quod-

518 1226 674 1292 libet
714 1229 893 1292 enim
932 1226 1195 1291 finitum
1253 1250 1287 1290 a
1333 1225 1519 1292 causa
1562 1226 1734 1292 finiri
1777 1229 1882 1294 de-

519 1320 626 1385 bet
650 1350 663 1387 :
702 1322 746 1386 fi
774 1320 1215 1401 indefinitum,
1240 1320 1305 1384 in
1333 1319 1620 1410 respectu
1642 1322 1718 1387 ad
1740 1321 1882 1387 fini-

519 1429 664 1478 tum
709 1415 945 1480 dicitur
988 1414 1445 1492 indefinitum;
1514 1412 1622 1480 sed
1662 1432 1880 1481 tamen

517 1509 709 1597 quale
743 1509 957 1586 habet,
980 1509 1157 1597 quod
1191 1508 1316 1573 tale
1347 1531 1459 1598 per
1479 1507 1737 1575 causam
1773 1526 1883 1575 aut

517 1602 596 1665 ab
631 1603 849 1692 aliquo
883 1602 1059 1668 reddi
1094 1602 1319 1668 debet:
1373 1603 1549 1692 quod
1601 1628 1752 1669 vero
1785 1606 1880 1669 in-

516 1695 781 1761 finitum
804 1696 916 1777 est,
942 1719 1071 1761 non
1097 1696 1269 1762 finiri
1300 1694 1408 1761 seu
1445 1697 1706 1763 finitum
1732 1698 1878 1763 red—

517 1790 582 1853 di
614 1789 862 1879 potest3
916 1813 1049 1856 non
1086 1806 1158 1855 ut
1191 1792 1315 1855 tale
1349 1791 1444 1868 fit,
1480 1814 1612 1856 non
1647 1807 1720 1856 ut
1754 1791 1881 1857 hoc

517 1885 716 1949 modo
771 1886 874 1950 vel
926 1886 1072 1961 alic,
1128 1900 1200 1949 ut
1253 1884 1379 1949 hoc
1431 1900 1721 1975 tempore
1776 1887 1879 1951 vel

516 1978 662 2056 alio,
699 1979 847 2066 quia
893 2002 1024 2043 non
1065 1977 1427 2042 finiendum
1462 1994 1572 2043 aut
1613 1978 1878 2045 finitum

515 2071 629 2151 est,
675 2070 782 2135 sed
829 2072 1207 2149 infinitum3
1278 2095 1490 2137 unum
1533 2072 1879 2140 Infinitum

514 2169 687 2255 prius
713 2168 777 2231 δε
803 2166 1130 2255 posterius,
1159 2166 1364 2254 majus
1390 2166 1492 2229 vel
1520 2168 1734 2232 minus
1768 2168 1877 2232 da-

515 2259 570 2323 ri
604 2261 872 2364 nequit:
930 2282 1084 2348 ergo
1120 2283 1330 2349 quum
1363 2259 1533 2323 finiri
1572 2277 1875 2350 nequeat,

513 2353 666 2442 quia
700 2352 789 2417 est
822 2352 1179 2434 infinitum,
1215 2352 1355 2417 est
1339 2377 1406 2418 1n
1439 2351 1551 2418 sua
1585 2354 1790 2420 causa.

610 2541 809 2628 Qod
861 2541 1056 2606 etiam
1101 2557 1324 2606 ortum
1370 2542 1726 2621 concernit,
1761 2541 1876 2608 sci-

199 2660 281 2706 qua
255 2647 358 2690 ando
417 2645 491 2692 In·
513 2634 664 2699 licet
708 2636 752 2699 fi
798 2651 1143 2724 quaeratur,
1179 2636 1442 2725 quando
1486 2635 1877 2703 Infinitum?

184 2711 276 2771 fini
275 2724 383 2758 tum
377 2715 401 2748 Ρ

512 2728 683 2792 idem
720 2727 1007 2818 sequitur
1032 2727 1428 2819 responsum,
1456 2730 1655 2818 quod,
1691 2732 1786 2796 fi
1769 2755 1873 2796 1n-

508 2822 771 2887 finitum
806 2824 915 2900 est,
940 2823 1132 2887 etiam
1162 2847 1289 2912 qua
1322 2838 1576 2912 tempus
1603 2825 1678 2889 fit
1710 2824 1873 2891 Infi-

510 2919 725 2982 nitum
756 2944 771 2995 ;
824 2919 868 2983 fi
904 2917 969 2981 in
1005 2941 1139 2982 uno
1172 2916 1531 2997 infinitum,
1569 2919 1635 2982 in
1677 2919 1876 2984 altero

1732 3036 1865 3078 non
