2080 3424
464 262 534 328 &³
567 261 959 349 causaflnali
986 261 1323 327 creationis.
1451 284 1473 326 1
1492 286 1527 351 5
1539 283 1573 349 5

217 400 512 475 stionem,
549 420 628 461 an
652 397 761 484 jus
795 399 859 462 δε
905 397 1077 485 leges
1125 412 1366 461 naturae
1411 398 1579 462 intra

214 492 584 557 societatem
612 491 734 555 fint
761 490 953 554 unice
982 491 1196 554 media
1222 491 1299 554 ad
1326 488 1582 555 conser-

212 587 542 651 vationem
594 582 912 649 societatis
963 584 1066 648 vel
1112 607 1268 663 non,
1318 586 1444 648 five
1498 610 1578 649 an

215 678 553 769 respiciant
598 680 789 742 unice
833 678 968 766 ejus
1021 675 1578 743 conservationem

215 789 287 838 ut
320 772 515 838 suum
548 772 794 836 finem?
845 795 996 836 nam
1031 770 1226 860 hujus
1271 773 1400 836 loci
1447 795 1579 836 non

216 866 332 945 est'3
362 882 642 956 ponatur
662 866 841 956 quod
863 867 1005 943 sint,
1019 864 1310 956 sequitur
1331 881 1546 931 tamen
1561 920 1577 946 ‚

214 962 391 1051 quod
425 961 640 1025 media
672 961 782 1024 illa
816 983 893 1024 eo
935 962 1056 1026 fint
1093 958 1471 1049 perfeetiora
1517 963 1580 1026 &

214 1055 449 1120 rationi
470 1055 757 1119 maxime
784 1053 1232 1131 consentanea,
1256 1055 1300 1118 fi
1329 1053 1581 1144 respici-

215 1165 326 1214 ant
389 1150 828 1213 oeconomiam
893 1152 957 1214 &
1022 1146 1581 1213 conservationem

214 1244 372 1331 ejuS,
402 1259 476 1308 ut
509 1241 770 1307 societas
804 1243 992 1332 poffit
1018 1243 1138 1307 effe
1172 1243 1468 1307 medium
1504 1245 1582 1308 ad

214 1338 417 1402 finem
451 1338 862 1426 primarium,
898 1337 999 1401 vel
1035 1337 1113 1401 ad
1154 1338 1442 1425 aliquem
1488 1336 1582 1402 se-

214 1431 626 1508 cundarium,
647 1431 770 1520 'qui
805 1430 1081 1496 mediate
1109 1431 1208 1495 vel
1233 1432 1580 1496 immedia-

214 1543 278 1591 te
313 1527 534 1590 tendat
568 1525 646 1588 ad
681 1526 1086 1615 primarium.

312 1714 547 1800 Qum
580 1711 712 1778 huc
738 1713 1001 1778 tandem
1026 1736 1138 1802 per
1159 1713 1582 1802 quaestionem

215 1807 415 1873 causae
429 1808 935 1896 pervenerimu8‚
949 1808 1091 1895 jam
1111 1811 1403 1896 primum
1422 1825 1584 1873 tem-

213 1925 332 1992 pus
365 1902 453 1965 est
489 1899 867 1966 instituendi
900 1899 1323 1990 quaestionem
1363 1905 1583 1991 QA-

215 2019 335 2061 Lls
362 2022 378 2072 ;
432 2019 642 2084 quum
669 1993 910 2059 scilicet
938 1997 1402 2061 affirmativum
1430 2022 1464 2061 a
1490 2021 1584 2061 ra-

215 2091 393 2154 tione
421 2090 514 2166 fit,
540 2089 678 2153 dari
700 2092 925 2154 Deum
949 2093 1012 2155 &
1038 2093 1263 2154 Deum
1287 2091 1407 2155 effe
1429 2092 1582 2156 infi-

217 2185 454 2260 nitum,
478 2185 541 2247 &
567 2207 777 2272 quum
801 2183 928 2247 hoc
943 2184 1085 2272 jam
1114 2184 1187 2247 s1t
1209 2185 1582 2273 pofitivum,

214 2278 450 2367 pariter
482 2277 661 2366 quod
695 2279 885 2342 detur
911 2287 1115 2343 nexuS
1149 2279 1318 2342 inter
1357 2281 1584 2344 Deum

213 2374 277 2437 &2
330 2371 671 2436 hominem
716 2395 829 2462 per
873 2371 1085 2436 filium
1136 2372 1583 2461 unigenitum,

215 2481 374 2529 tunc
406 2465 698 2554 primum
744 2467 1012 2530 ulterius
1057 2467 1360 2556 progredi
1406 2468 1581 2546 licet,

217 2581 350 2623 non
386 2559 590 2648 qualis
623 2559 718 2638 fit,
748 2560 899 2649 quia
935 2559 1025 2624 est
1059 2561 1371 2637 infinitus,
1402 2563 1587 2649 cujus

218 2652 601 2741 qualitatem
649 2652 971 2742 nusquam
1019 2655 1349 2743 poffumus
1393 2679 1584 2744 pene-

216 2762 406 2820 trare,
430 2742 537 2810 sed
564 2761 786 2811 tamen
813 2747 973 2836 quid
1000 2749 1134 2812 dari
1160 2749 1347 2838 poffit
1370 2751 1436 2813 in
1463 2748 1583 2816 ho-

218 2839 416 2916 mine,
440 2839 616 2928 quod
644 2840 720 2904 ad
755 2840 936 2905 hunc
971 2843 1172 2907 finem
1194 2843 1583 2931 primarium

218 2932 436 3012 ducat,
473 2933 630 3022 quid
665 2934 731 2997 in
773 2933 1068 3017 homine,
1102 2935 1278 3024 quod
1316 2959 1446 2999 non
1485 2959 1584 2999 re-

1329 3047 1579 3119 pugnet
