2080 3424
517 229 645 294 208
781 228 934 316 Cap.
973 229 1066 290 II.
1106 226 1210 290 De
1242 222 1623 310 mechanistno

518 366 831 441 animam,
869 385 1000 426 non
1042 384 1194 425 vero
1228 361 1305 424 ad
1335 375 1540 450 partes
1575 358 1886 447 impurio-

520 459 601 522 ris
650 459 713 522 &
761 455 1270 545 imperfectioris,
1326 453 1435 518 seu
1490 454 1567 518 ad
1634 474 1886 541 corpu8‚

521 551 701 640 quod
734 551 800 614 in
837 573 1007 614 nexu
1045 549 1265 612 divino
1303 549 1493 612 unice
1527 546 1734 636 potest
1767 544 1887 610 effe

521 669 634 734 per
667 646 976 720 animam,
1011 644 1075 707 &
1109 659 1463 730 utrumque
1494 664 1608 730 per
1643 663 1890 704 nexum

526 739 859 803 infinitum
907 736 1248 825 unigeniti.
1353 740 1443 800 At
1486 759 1639 799 vero
1673 734 1718 798 fi
1753 757 1891 797 cor-

524 856 642 923 pus
677 833 754 896 ab
800 833 1016 894 anima
1061 830 1319 918 puriore
1361 829 1450 892 ita
1483 831 1621 917 regi
1654 828 1892 917 potuis-

525 926 638 1004 set,
676 941 748 990 ut
789 923 951 989 illud
995 926 1073 987 ad
1118 945 1344 986 omnes
1379 922 1513 1009 ejus
1550 939 1744 986 nutus
1781 922 1893 985 ob-

528 1017 817 1108 sequiose
884 1020 1268 1089 flecteretur,
1336 1014 1648 1104 sequitur,
1716 1015 1894 1104 quod

527 1113 743 1203 ipsum
782 1134 1012 1201 corpus
1057 1108 1354 1200 potuiffet
1398 1132 1663 1199 quoque
1695 1110 1896 1174 confi-

529 1208 734 1272 derari
767 1222 1079 1294 tanquam
1131 1227 1269 1294 pars
1319 1202 1554 1267 mundi
1602 1203 1896 1292 purioris,

531 1305 594 1367 &
625 1301 849 1364 eadem
885 1299 1373 1364 immortalitate
1403 1301 1467 1363 &
1502 1297 1895 1385 integritate,

533 1419 663 1485 qua
691 1395 925 1471 anima,
955 1393 1125 1458 frui:
1180 1392 1378 1456 talem
1428 1389 1610 1454 fuiffe
1659 1390 1899 1455 statum

534 1490 731 1579 primi
765 1487 1052 1552 hominis
1079 1487 1157 1551 ad
1183 1509 1454 1550 omnem
1488 1484 1902 1553 harmoniam

536 1583 770 1647 mundi
803 1581 1089 1658 formati,
1126 1581 1192 1644 in
1243 1603 1377 1669 quo
1426 1602 1651 1644 omnes
1699 1595 1903 1668 partes

537 1677 859 1743 craffiores
907 1673 1254 1765 potuissent
1298 1675 1377 1738 ab
1423 1675 1640 1738 anima
1673 1673 1907 1762 regi&

537 1769 1007 1860 consequenter
1029 1768 1515 1832 immortalitate
1542 1768 1731 1832 fimul
1753 1790 1906 1855 gau-

540 1868 708 1942 dere,
760 1863 1122 1929 verofimile
1173 1878 1470 1951 apparet:
1539 1859 1643 1925 sed
1693 1875 1906 1949 quum

542 1960 870 2049 integritas
895 1961 959 2024 δε
985 1955 1294 2046 perfectio
1320 1956 1429 2019 illa
1455 1955 1521 2018 in
1556 1956 1909 2019 connexio-

544 2078 625 2118 ne
661 2054 890 2117 animae
923 2053 987 2116 δε
1019 2051 1318 2139 corporiS,
1348 2052 1411 2114 ὃς
1446 2046 1911 2136 consequenter

544 2150 613 2211 in
648 2147 1057 2211 connexione
1085 2145 1214 2208 Dei
1240 2144 1303 2207 &
1327 2143 1555 2206 animae
1579 2141 1823 2231 periiffe
1850 2143 1913 2207 &

547 2244 610 2305 in
650 2240 911 2328 posteris
951 2238 1096 2300 dein
1148 2238 1523 2301 naturaliter
1568 2237 1913 2324 degenera-

548 2334 696 2399 vifl'e
745 2333 1060 2408 videatur,
1097 2331 1180 2395 fic
1226 2353 1345 2394 nec
1392 2331 1668 2419 amplius
1713 2330 1915 2394 confi-

550 2428 756 2493 derari
812 2447 1042 2514 corpus
1096 2422 1367 2512 potuisse
1418 2421 1729 2513 sequitur,
1780 2439 1916 2487 tan-

552 2545 754 2612 quam
820 2542 960 2610 pars
1033 2518 1304 2607 purioris
1378 2520 1442 2583 &
1523 2517 1918 2607 perfectioris

554 2615 813 2689 mundi,
849 2612 955 2678 sed
1000 2610 1525 2701 imperfeOEtioris3
1578 2611 1724 2675 ideo
1770 2635 1919 2675 mu-

551 2710 827 2774 tabilitas
861 2711 922 2772 δε
957 2705 1308 2770 mortalitas
1352 2707 1634 2793 corporis
1674 2703 1920 2769 succes-

554 2803 716 2868 serat
753 2804 901 2867 loco
942 2800 1077 2888 ejus
1122 2798 1665 2863 immutabilitatis
1699 2801 1763 2863 &
1794 2801 1920 2863 im-

554 2896 992 2972 mortalitatis;
1036 2892 1142 2958 sed
1170 2915 1311 2982 quae
1344 2892 1589 2957 restitui
1622 2892 1792 2982 poffe
1826 2894 1922 2956 vi-

1675 2985 1920 3063 deatur‚
