2132 3432
444 258 515 323 &¹
547 258 730 345 causc'z
739 255 939 344 finali
965 257 1306 322 creationis.
1482 280 1504 321 1
1520 278 1561 346 7

199 395 555 460 minimum
621 394 994 484 quantitatis
1059 408 1167 457 aut
1234 394 1559 482 qualitatis

195 489 427 553 retinet
472 486 674 577 usque
709 488 954 576 aliquid
995 486 1073 550 de
1108 487 1333 564 finit03
1388 488 1559 551 unde

195 605 328 646 non
362 581 568 672 potest
593 580 711 646 effe
745 581 1078 658 infinitus3
1131 582 1345 669 ficque
1372 582 1558 645 altius

83 679 86 680 ⁷
194 672 257 738 se
310 677 610 741 immittit
651 677 728 748 in
789 676 1039 739 nodum
1104 689 1214 739 aut
1278 675 1557 762 labyrin-
1641 736 1643 738 ,

192 769 408 848 thum,
447 770 619 835 unde
661 771 886 858 aegrius
930 767 1144 833 adhuc
1192 769 1368 832 exire
1419 784 1558 857 pot-

134 882 141 890 ·
192 863 308 929 est:
361 865 586 952 quaerit
606 865 807 942 enim,
833 862 991 952 quid
1016 863 1376 927 minimum
1401 866 1463 928 δε
1489 864 1558 927 fi-

194 958 336 1022 mul
370 959 703 1022 infinitum
733 959 756 1021 ?
805 957 962 1047 quid
997 957 1247 1021 infinite
1282 979 1556 1045 parvum

192 1066 304 1115 aut
337 1052 589 1116 infinite
621 1052 1027 1116 minimum?
1076 1050 1201 1115 hoc
1237 1050 1387 1139 quia
1421 1049 1557 1114 dari

193 1146 445 1234 nequit,
502 1168 620 1210 nec
672 1145 764 1209 ibi
817 1146 1071 1210 exitum
1126 1144 1339 1221 videt;
1402 1168 1555 1209 nam

190 1241 511 1327 quantitas
562 1240 814 1304 infinite
877 1262 1071 1328 parva
1135 1261 1265 1303 non
1321 1238 1551 1317 datur3

191 1356 344 1397 nam
381 1335 506 1398 five
538 1334 658 1399 erit
692 1334 1011 1423 quantitas
1046 1333 1227 1397 finite
1256 1333 1552 1411 minima,

190 1427 317 1490 five
351 1428 470 1492 erit
503 1429 771 1517 fimplex
807 1427 1159 1516 quoddam,
1183 1428 1306 1491 five
1339 1428 1554 1492 infini-

189 1537 335 1585 tum
394 1523 525 1586 fine
575 1522 930 1610 adjeetione
978 1522 1376 1610 quantitatis,
1421 1546 1554 1586 ma-

188 1615 568 1703 gnitudiniS,
597 1613 800 1705 spatii,
836 1616 1101 1692 extensi,
1124 1614 1370 1690 formae,
1400 1641 1554 1705 qua-

189 1709 403 1786 litatis,
442 1711 564 1774 five
597 1711 815 1799 parvi:
871 1709 1136 1790 accedit,
1167 1733 1375 1798 quum
1412 1711 1554 1774 nul-

187 1803 249 1867 la
270 1804 430 1868 ratio
455 1803 590 1868 dari
611 1804 798 1893 poffit
821 1804 1059 1868 infiniti
1084 1807 1147 1870 δε
1172 1804 1360 1881 finiti,
1375 1805 1554 1892 quod

191 1897 274 1961 fic
300 1898 527 1963 eadem
554 1899 714 1963 ratio
748 1898 822 1962 fit
856 1898 1096 1962 infiniti
1130 1900 1192 1963 &
1228 1898 1395 1963 finiti
1431 1901 1554 1963 mi-

190 1993 376 2070 nimi,
427 2015 569 2081 quae
618 1991 859 2056 infiniti
909 1994 972 2057 &
1021 1992 1190 2056 finiti
1228 1993 1550 2070 maximi3

190 2108 343 2149 nam
372 2085 732 2151 differentia
756 2088 926 2151 inter
951 2085 1082 2150 duo
1106 2087 1280 2152 finita
1313 2084 1422 2151 seu
1459 2090 1553 2151 in-

187 2194 284 2243 ter
334 2182 708 2245 maximum
749 2183 813 2246 &
858 2181 1215 2243 minimum
1267 2182 1554 2246 naturale

187 2273 277 2337 est
311 2275 507 2339 etiam
550 2275 752 2352 finita,
788 2297 943 2364 ergo
992 2274 1101 2339 illa
1136 2274 1300 2340 nihil
1341 2273 1553 2365 respe-

188 2368 355 2432 &ive
398 2369 550 2433 facit
594 2369 674 2433 ad
722 2370 1080 2445 infinitum,
1133 2369 1293 2459 quin
1350 2367 1554 2459 usque

190 2463 369 2527 nulla
394 2459 648 2553 prorsus
671 2464 832 2527 ratio
854 2462 1101 2526 existat.
1174 2464 1278 2527 Sic
1313 2464 1553 2527 iterum

189 2553 405 2631 haeret,
463 2559 527 2623 &
581 2556 851 2647 quidem
906 2556 1078 2621 nodo
1126 2572 1237 2622 aut
1276 2557 1555 2647 labyrin-

189 2647 305 2712 tho
336 2647 450 2716 suo
484 2652 671 2716 altius
706 2647 1068 2715 immersus.

286 2837 519 2925 Qum
542 2839 757 2927 itaque
790 2839 1138 2905 Infinitum
1174 2862 1306 2903 non
1336 2841 1408 2904 fit
1438 2842 1555 2904 mi·
1645 2879 1751 2940 ΨΜ
1784 2894 1869 2923 mo-

194 2928 455 2995 nimum
488 2929 919 3013 substantiale,
948 2933 1305 2998 minimum
1332 2948 1555 2997 exten·
1580 2955 1673 2991 tum
1693 2945 1748 2994 ὅ
1769 2945 1868 2992 cele-

960 3029 1010 3091 B
1386 3025 1554 3105 sum,
1579 3016 1769 3059 ritatem.
