2080 3424
243 386 373 448 Qod
389 401 445 432 ex

178 455 440 513 ignoratione
523 484 535 495 ·

167 522 307 581 status
329 525 420 567 ani-

503 253 622 338 198
761 255 913 342 Cap.
953 257 1044 322 II.
1084 256 1187 320 De
1218 256 1603 344 mechanismo

584 390 744 454 Non
778 391 976 455 velim
1022 392 1089 456 in
1135 395 1572 458 recenfionem
1606 391 1855 460 senten-

490 499 728 548 t1arum
754 485 1044 574 plurium
1071 486 1149 551 de
1176 489 1394 552 anima
1426 487 1717 553 humana
1749 510 1856 551 me

178 605 261 633 mae
269 589 408 650 facile
490 579 844 643 immittere
868 607 884 657 ;
937 582 1250 669 quoniam
1277 605 1488 670 quum
1515 605 1741 648 omnes
1766 580 1856 645 fe-

178 659 220 700 z'n
242 658 425 716 negatio-

178 738 270 767 nem
295 724 388 786 ejus

491 694 556 735 re
578 672 753 735 illam
786 689 857 738 ut
884 675 1360 763 ignotiffimum
1388 677 1547 765 quid
1574 674 1856 740 confide-

172 790 349 851 prolabi
360 791 450 854 pos.
492 767 794 846 raverint,
822 782 1043 831 tamen
1072 769 1423 834 voluerunt
1449 793 1698 834 nexum
1720 769 1856 856 ejus

167 857 317 918 fimus.

490 883 643 923 cum
682 884 946 950 corpore
977 862 1119 950 jam
1165 861 1292 926 hoc
1320 863 1463 950 jam
1497 864 1621 928 alio
1657 863 1856 927 modo

491 953 955 1019 remonstrare:
1016 979 1228 1043 quum
1272 957 1451 1020 enim
1498 959 1577 1021 de
1627 958 1856 1046 ignoto

491 1049 725 1135 agitur,
778 1049 957 1137 quod
1007 1072 1140 1113 non
1192 1049 1495 1114 volumus
1545 1067 1856 1140 tanquam

490 1141 694 1205 s1mile
720 1165 873 1205 cum
904 1144 1069 1207 notis
1096 1141 1465 1231 agnoscere,
1495 1168 1624 1209 non
1651 1143 1858 1234 potest

488 1234 666 1299 aliud
699 1235 849 1299 inde
881 1237 1171 1314 existere,
1207 1261 1409 1326 quam
1443 1254 1517 1303 ut
1547 1240 1698 1303 inde
1731 1237 1858 1302 for-

490 1345 678 1393 matae
715 1327 1045 1394 sententiae
1089 1335 1153 1397 &
1198 1333 1642 1397 conclufiones
1687 1356 1857 1397 ema-

490 1437 670 1501 nent,
698 1447 840 1513 quae
873 1426 1136 1489 tandem
1171 1425 1336 1491 nihil
1371 1425 1854 1504 demonstrant3

488 1518 646 1581 hinc
672 1520 962 1583 maxima
987 1542 1126 1608 pars
1161 1520 1228 1583 in
1263 1519 1518 1609 spiritus
1552 1521 1858 1585 animales

477 1612 830 1699 juraverat,
885 1617 950 1679 δε
1002 1637 1228 1678 omnes
1279 1629 1496 1679 motus
1548 1638 1661 1704 per
1715 1615 1858 1680 illos

489 1706 754 1769 tandem
800 1708 1224 1796 explicuerat,
1261 1725 1478 1773 tamen
1524 1710 1611 1772 ita
1656 1724 1728 1774 ut
1751 1709 1858 1796 ju-

490 1800 667 1863 beret
694 1802 932 1879 anima,
958 1805 1022 1867 &
1050 1802 1144 1866 illi
1159 1802 1324 1891 juffa
1352 1818 1855 1892 exequerentur,

488 1895 553 1959 &
577 1893 718 1980 jam
754 1894 919 1959 irent
947 1895 1026 1960 ad
1052 1895 1162 1960 has
1188 1913 1417 1986 parteS,
1431 1897 1573 1983 jam
1600 1920 1751 1961 vero
1780 1896 1858 1960 ad

490 1987 647 2064 illas,
685 1991 749 2054 δε
794 1987 1160 2054 functiones
1206 1991 1441 2078 reginae
1487 1987 1612 2054 suae
1659 2005 1731 2054 ut
1768 1989 1856 2053 fa-

491 2082 656 2145 muli
688 2099 1090 2171 peragerent.
1167 2084 1395 2172 Aliqui
1422 2107 1594 2160 vem,
1623 2087 1686 2150 &
1719 2106 1858 2172 per-

489 2175 781 2263 plurimi,
813 2178 928 2264 qui
952 2200 1084 2240 non
1110 2178 1445 2242 voluerant
1471 2176 1713 2266 scriptis
1747 2178 1857 2241 ali-

491 2268 652 2356 quid
685 2270 762 2332 de
801 2270 910 2333 illa
948 2270 1274 2350 mandare,
1311 2272 1753 2360 cogitaverant
1788 2275 1853 2338 ὅς

491 2363 682 2425 tacite
714 2386 827 2451 per
871 2361 934 2426 se
973 2364 1331 2443 volverant,
1367 2364 1546 2454 quod
1579 2366 1856 2429 dubium

493 2455 567 2518 fit
599 2455 678 2518 de
713 2457 952 2531 anima,
983 2480 1146 2521 num
1181 2459 1398 2547 aliqua
1432 2460 1529 2534 fit,
1558 2460 1659 2522 vel
1695 2483 1853 2537 non,

491 2550 646 2637 quia
669 2550 960 2614 viderant
983 2551 1163 2615 illam
1190 2552 1380 2616 talem
1414 2576 1543 2616 non
1572 2552 1691 2617 effe
1716 2552 1857 2642 pos-

490 2642 578 2720 se,
618 2658 688 2706 ut
726 2643 835 2708 illa
875 2643 1070 2708 instar
1110 2645 1390 2711 dominae
1429 2648 1747 2724 refideret,
1790 2651 1855 2713 ὅτ,
1914 2716 1918 2721 ,

491 2734 744 2824 spiritus
788 2738 922 2826 ejus
967 2740 1271 2804 animales
1317 2756 1629 2829 tanquam
1663 2741 1856 2804 mini-

493 2830 602 2893 stri
651 2832 1163 2907 circumstarent,
1216 2837 1280 2899 &
1330 2857 1525 2922 ocyus
1576 2858 1725 2899 aura
1777 2834 1856 2898 ad

493 2925 796 2990 mandata
837 2925 1161 3016 fugerent,
1216 2951 1334 2992 nec
1387 2929 1682 3017 reginam
1736 2951 1856 2992 nec

1653 3045 1857 3110 lmpe-
