2080 3424
449 254 536 318 54
795 235 949 323 Cap.
987 237 1043 299 I.
1082 235 1187 299 De
1221 234 1468 322 Itfim'to

446 370 530 433 do
578 393 707 434 una
753 370 889 457 ejus
937 394 1078 460 pars
1128 374 1192 437 ὅτ,
1231 372 1496 460 quidem
1549 373 1813 460 exigua,

447 488 589 551 quae
647 465 829 528 nobis
875 480 1011 529 tam
1051 464 1390 530 vastiffima
1423 483 1715 555 apparet:
1771 466 1815 529 fi

448 574 654 646 partes
689 559 1185 636 confideramUS,
1211 558 1319 623 seu
1347 558 1549 623 stellas
1577 574 1688 623 aut
1721 557 1816 622 so-

451 654 555 719 les,
583 651 710 715 hoc
755 651 842 715 est
894 652 1172 716 mundos
1223 653 1617 742 singillatim,
1653 676 1814 717 con-

452 746 727 810 stituunt
786 746 977 809 fimul
1030 769 1242 810 unum
1291 746 1585 835 systema,
1638 748 1814 836 quod

452 840 582 903 fine
617 840 900 927 partibus
923 862 1055 903 non
1082 838 1410 905 subsistere
1438 841 1663 930 potest,
1691 839 1818 904 for-

452 933 618 996 taffis
643 934 944 1021 quaelibet
972 933 1104 998 haec
1137 957 1278 1023 pars
1311 950 1446 999 tam
1483 934 1818 999 necessaria

453 1026 543 1090 est
570 1028 635 1090 in
668 1025 1023 1114 systemate,
1049 1044 1120 1091 ut
1146 1028 1349 1092 deeffe
1376 1044 1679 1117 nequeat,
1704 1029 1816 1092 nisi

454 1143 658 1184 nexus
694 1121 924 1210 aliquis
969 1123 1036 1185 in
1082 1120 1418 1208 systemate
1453 1138 1812 1211 rumpatur.

456 1215 521 1278 Si
554 1215 772 1279 oculos
813 1218 876 1280 ὅς
917 1216 1105 1279 fimul
1149 1216 1456 1279 animum·
1483 1218 1820 1280 mittamus

453 1307 654 1373 modo
687 1309 854 1372 intra
888 1309 1178 1373 nostrum
1221 1311 1576 1389 mundum,
1612 1311 1679 1374 in
1726 1333 1821 1373 re-

454 1399 671 1491 speem
702 1402 778 1466 ad
814 1402 1190 1468 universum
1224 1420 1442 1468 tamen
1477 1404 1818 1492 exiguum,

455 1512 617 1584 quot
663 1519 795 1560 non
843 1498 1187 1561 innumera
1236 1501 1630 1562 occurrunt?
1678 1522 1822 1587 quae

455 1590 784 1678 stuporem
818 1608 1077 1668 creant3
1131 1606 1205 1655 ut
1239 1592 1284 1655 fi
1313 1590 1538 1669 solem,
1562 1593 1663 1656 vel
1690 1591 1821 1682 pla-

456 1701 676 1748 netam
710 1685 809 1748 vel
847 1683 1209 1761 satellitem,
1247 1687 1348 1750 vel
1397 1684 1596 1775 ipsam
1634 1687 1821 1751 tellu-

455 1802 596 1842 rem
631 1780 696 1842 in
730 1776 958 1867 specie,
994 1783 1058 1845 δε
1104 1780 1380 1867 cujusvis
1414 1778 1647 1869 speciei
1680 1803 1821 1869 par-

457 1889 617 1950 tem,
653 1873 838 1962 plura
882 1871 1094 1937 forent
1128 1873 1417 1950 dicenda,
1453 1897 1653 1963 quam
1689 1871 1819 1938 suf-

456 1967 722 2031 ficerent
771 1965 990 2031 charta
1040 1970 1104 2033 δε
1149 1983 1443 2055 tempus3
1492 1970 1556 2033 δε
1607 1967 1822 2032 adhuc

458 2061 693 2148 magis,
730 2084 939 2148 quum
988 2061 1163 2125 nulla
1199 2084 1339 2149 pars
1375 2062 1471 2139 fit,
1508 2085 1653 2149 quae
1688 2085 1819 2125 non

458 2154 719 2241 reliquis
771 2154 1054 2241 partibus
1099 2157 1162 2219 δε
1194 2155 1315 2217 toti
1351 2155 1423 2218 fit
1459 2154 1819 2231 neceffaria,

458 2270 601 2336 quae
623 2246 815 2311 fimul
842 2246 1112 2334 systema
1138 2249 1566 2324 constituunt,
1593 2249 1658 2312 in
1687 2273 1823 2337 quo

457 2357 663 2431 partes
690 2356 822 2404 tam
851 2341 1229 2406 harmonice
1256 2343 1620 2431 compofitae
1647 2341 1820 2422 sunt,

459 2450 532 2499 ut
591 2433 755 2499 nihil
813 2437 1023 2500 dicere
1080 2436 1267 2524 poffis
1315 2435 1515 2500 deeffe
1565 2436 1820 2506 debere,

459 2529 627 2593 nihil
653 2529 830 2616 quod
865 2528 1057 2593 suum
1080 2527 1271 2592 usum
1301 2552 1431 2593 non
1455 2528 1722 2619 praestet,
1750 2547 1823 2596 ut

458 2624 722 2712 reliquae
761 2641 963 2711 partes
1007 2621 1363 2697 subsistant,
1399 2627 1462 2689 δε
1498 2640 1568 2688 ut
1607 2641 1823 2689 totum

460 2718 534 2781 fit
569 2715 970 2805 perfee'cum:
1026 2716 1103 2780 ad
1138 2715 1315 2805 quod
1355 2718 1824 2806 perficiendum

460 2810 809 2874 indefinitae
832 2808 1015 2875 series
1050 2813 1113 2875 &
1146 2807 1372 2889 causae,
1396 2828 1530 2876 tam
1566 2811 1827 2876 mecha-

461 2906 639 2983 nicae,
669 2927 869 2993 quam
895 2904 1168 2995 physicae
1195 2905 1318 2968 five
1352 2907 1824 2996 contingente8‚

1701 3023 1831 3064 una
