2080 3424
469 270 540 333 ἔθ’
573 229 757 353 creusa
769 267 972 354 finali
996 266 1343 332 creationis.
1503 288 1538 355 5
1551 288 1584 353 5

219 427 348 469 una
381 402 521 492 post
546 403 837 479 alteram,
875 424 1005 466 una
1034 403 1226 467 simul
1253 425 1410 467 cum
1437 402 1588 465 alte-

218 522 309 576 ra,
334 513 684 585 antequam
709 495 788 560 ad
810 496 1010 560 finem
1033 497 1465 585 pervenerint,
1482 495 1587 559 ad-

218 590 339 655 effe
388 590 750 656 debuerint.
851 590 916 653 Si
951 589 1086 655 haec
1121 590 1336 654 statim
1370 588 1586 678 primo

219 700 560 749 momento
587 685 675 747 ita
706 682 986 773 perfecta
1019 682 1190 762 sunt,
1226 696 1421 773 prout
1441 682 1587 769 jam

217 781 361 842 actu
404 775 574 854 sunt,
612 777 738 841 five
778 780 1002 842 omnia
1051 780 1118 842 in
1158 778 1382 867 primis
1426 776 1587 840 enti-

219 872 334 937 bus
376 870 730 962 praesentia,
769 870 1025 962 quaeso?
1073 871 1412 962 quomodo
1458 893 1590 934 non

217 967 442 1031 mirari
486 967 673 1031 liceat
705 965 919 1031 causas
954 968 1150 1031 totius
1184 969 1248 1032 δε
1280 966 1586 1055 partium.

315 1061 494 1150 Qa
529 1060 680 1125 his
663 1083 1120 1139 immoramur,
1156 1061 1358 1126 velim
1390 1060 1587 1124 etiam
1682 1086 1758 1131 Ex
1784 1085 1855 1143 st
1833 1101 1901 1129 u-

219 1154 496 1219 humani
540 1155 824 1244 corporis
871 1154 1260 1220 structuram
1295 1170 1588 1218 contem·
1612 1159 1823 1200 amco

217 1250 400 1339 plari,
429 1252 493 1315 ὅτ,
520 1249 669 1313 inde
696 1248 1052 1314 videndum
1080 1249 1379 1339 praebere,
1410 1249 1587 1337 quod
1604 1234 1739 1335 2⁰22--
1741 1220 1816 1266 hu

220 1344 388 1408 nihil
437 1345 505 1407 in
562 1358 700 1407 toto
752 1366 1023 1433 corpore
1076 1345 1172 1422 fit,
1226 1343 1404 1432 quod
1454 1366 1587 1407 non

218 1438 503 1526 partibus
551 1434 677 1502 suis
723 1439 790 1505 δε
839 1439 959 1503 toti
1010 1438 1083 1502 fit
1143 1435 1586 1515 neceffarium,

219 1532 346 1596 five
379 1531 558 1620 quod
604 1554 738 1595 non
783 1531 918 1620 ejus
954 1529 1102 1596 usus
1138 1533 1233 1612 fit,
1269 1547 1340 1595 ut
1377 1547 1591 1595 totum

219 1626 407 1714 poffit
433 1622 792 1701 subfistere3
844 1628 1081 1716 pariter
1104 1643 1175 1690 ut
1196 1625 1418 1690 omnia
1438 1648 1589 1689 con-

218 1718 459 1809 spirent
484 1719 562 1784 ad
589 1742 1020 1785 communem
1048 1721 1251 1785 finem
1280 1747 1295 1797 ;
1348 1743 1490 1807 quae
1520 1735 1592 1783 ut

220 1816 304 1878 fic
344 1829 846 1903 componantur,
894 1838 974 1879 an
1029 1830 1256 1878 natura
1308 1812 1434 1877 hoc
1481 1835 1593 1902 per

218 1906 282 1972 se
303 1909 508 1997 potest
520 1908 808 1973 efficere?
842 1932 918 1973 an
949 1908 1411 1973 mechanicum
1434 1907 1593 1996 quid

220 2003 350 2067 fine
375 2002 805 2091 intelligentia
826 2003 1081 2068 infinita
1106 2005 1129 2068 ?
1179 2027 1258 2067 an
1288 2002 1418 2066 fine
1445 2025 1592 2066 cau-

219 2094 284 2160 sa
317 2097 384 2161 in
423 2099 618 2162 Deo?
668 2097 793 2161 five
816 2098 946 2161 fine
970 2095 1424 2186 sapientiffima
1446 2119 1591 2185 pro-

220 2190 504 2256 videntia
536 2192 602 2256 in
625 2192 824 2256 caufis
851 2191 1407 2282 contingentibus,
1432 2190 1592 2279 phy-

221 2284 359 2349 ficis
386 2287 449 2349 &
483 2284 898 2363 mechanicis,
922 2309 1065 2375 quae
1104 2287 1145 2349 fi
1182 2308 1315 2350 non
1350 2283 1592 2374 sapien-

220 2378 453 2444 tiffime
475 2376 1006 2469 conspiraverint,
1036 2380 1420 2469 neutiquam
1443 2379 1593 2443 inde

221 2496 334 2562 per
355 2471 417 2538 se
445 2489 554 2538 aut
575 2470 724 2538 casu
746 2473 1094 2581 potuiffent
1114 2475 1412 2564 primitus
1438 2497 1592 2538 con-

223 2567 442 2632 fluere.
498 2567 620 2631 Sed
646 2570 801 2657 quia
829 2568 906 2632 de
942 2567 1091 2633 his·
1076 2592 1142 2633 1n
1179 2566 1386 2658 specie
1416 2570 1592 2632 actu-

224 2683 328 2725 rus
392 2659 535 2726 sum
591 2663 655 2726 in
708 2660 1157 2726 mechanismo
1207 2662 1594 2752 operationis

223 2756 454 2820 animae
478 2759 542 2821 &
567 2757 870 2845 corporiS,
895 2755 1050 2822 hinc
1086 2755 1284 2820 velim
1320 2779 1591 2845 genera-

223 2847 370 2912 liter
403 2848 750 2928 recensere‚
787 2851 1051 2939 qualem
1098 2847 1293 2914 usum
1343 2850 1594 2939 fingula

224 2943 301 3006 ad
337 2957 554 3007 totum
587 2944 876 3033 praestare
910 2945 1275 3008 videantur.

876 3040 941 3103 D
979 3060 1023 3122 4
1367 3033 1591 3127 Ipsum
