2080 3424
562 266 638 331 18
899 267 1053 355 Cap.
1089 267 1144 330 I.
1194 265 1287 329 De
1319 261 1563 349 Itfinito

551 399 718 479 sum,
770 402 1126 465 minimum
1175 415 1519 490 quantum,
1561 398 1662 462 vel
1718 397 1913 462 mini-

552 519 741 560 mum
808 494 1104 573 formale,
1171 494 1298 558 hoc
1367 494 1476 570 est,
1554 491 1913 556 minimum

551 590 1050 679 geometricum,
1093 589 1303 677 pergit
1353 587 1615 652 ulterius
1660 588 1723 652 δε
1769 609 1912 675 per-

551 684 753 748 volvit
785 685 1177 772 cogitatque,
1214 705 1294 745 an
1346 683 1417 746 fit
1457 681 1815 745 minimum
1849 683 1914 744 δε

549 801 792 867 purum
820 777 1064 842 actuale
1088 803 1103 853 3
1156 776 1230 839 fit
1256 777 1611 839 minimum
1638 777 1702 840 &
1723 773 1914 838 fimul

552 873 925 936 maximum
960 871 1025 934 in
1061 885 1269 946 motu,
1293 871 1361 933 in
1389 869 1733 946 celeritate,
1761 869 1828 932 in
1851 868 1914 930 vi
1985 913 1988 917 -

552 967 846 1042 motrice,
870 965 995 1029 hoc
1022 964 1131 1041 est,
1162 986 1323 1027 num
1360 964 1434 1027 fit
1467 963 1822 1026 minimum
1849 964 1914 1027 &

550 1060 742 1124 fimul
780 1060 1149 1123 maximum
1184 1056 1677 1122 mechanicum:
1733 1057 1915 1120 novit

550 1155 728 1217 enim
758 1154 1019 1218 nullum
1054 1153 1314 1216 finitum
1335 1150 1602 1214 existere
1636 1148 1804 1239 poffe
1841 1150 1912 1213 fi-

551 1269 633 1310 ne
677 1246 904 1324 causa;
958 1246 1124 1310 nihil
1172 1270 1251 1310 ex
1302 1242 1487 1309 causa
1535 1245 1914 1332 contingere

548 1340 718 1429 poffe
752 1343 882 1405 fine
909 1341 1146 1417 modo;
1199 1338 1364 1404 nihil
1391 1338 1750 1402 modificari
1785 1338 1914 1402 fine

552 1436 916 1499 mutatione
943 1450 1054 1498 aut
1075 1435 1426 1498 variatione
1446 1432 1760 1509 limitum,
1776 1454 1914 1520 par-

549 1530 720 1593 tium
754 1530 856 1593 vel
893 1528 1089 1593 totius
1117 1555 1132 1605 3
1187 1526 1350 1592 nihil
1386 1527 1467 1591 fic
1493 1550 1620 1615 qua
1654 1525 1911 1603 limiteS,

547 1639 753 1712 partes
775 1623 877 1687 vel
912 1637 1126 1686 totum
1154 1621 1382 1685 variari
1415 1621 1545 1684 fine
1572 1635 1756 1684 motu
1783 1646 1799 1696 ;
1851 1622 1914 1685 δι

549 1713 714 1780 nihil
738 1717 986 1780 moveri
1006 1717 1135 1780 fine
1156 1714 1503 1780 substantia
1527 1741 1542 1791 ;
1578 1717 1641 1779 ὃς
1663 1713 1912 1777 nullam

548 1810 969 1875 substantiam
1015 1811 1262 1874 moveri
1307 1810 1436 1873 fine
1482 1808 1807 1897 graduum
1850 1810 1913 1872 ὅς

547 1920 1042 1969 momentorum
1079 1901 1391 1992 respectU,
1429 1925 1509 1965 ex
1544 1902 1779 1989 quibus
1814 1924 1912 1965 re-

547 1996 739 2063 sultat
796 1996 1218 2061 succeffivum
1271 1997 1337 2061 in
1396 1995 1738 2072 celeritate,
1786 1995 1912 2060 five

550 2091 728 2180 quod
778 2092 951 2155 idem
986 2091 1096 2169 est,
1133 2092 1199 2153 in
1245 2106 1556 2178 tempore,
1596 2092 1658 2154 &
1692 2086 1911 2152 conse-

549 2200 822 2274 quenter
855 2186 1016 2249 vires
1051 2185 1350 2248 motrices
1381 2185 1451 2246 in
1479 2182 1906 2248 mechanicis:

549 2301 702 2367 ergo
738 2302 949 2366 quum
989 2293 1204 2342 motus
1248 2292 1358 2341 aut
1405 2276 1637 2341 modus
1677 2276 1907 2366 suppo-

550 2389 660 2437 nat
682 2374 940 2437 finitum
970 2374 1031 2437 &
1053 2369 1493 2448 substantiale3
1547 2372 1670 2435 five
1697 2394 1907 2460 quum

548 2490 746 2532 omne
803 2465 1261 2530 mechanicum
1314 2463 1629 2569 supponat
1677 2465 1909 2529 imme·

548 2562 715 2625 diate
803 2559 1134 2648 quoddam
1230 2559 1750 2648 geometricum3
1843 2562 1908 2625 δε

547 2678 757 2744 quum
805 2654 1149 2717 Infinitum
1186 2675 1318 2717 non
1352 2653 1538 2742 poffit
1571 2652 1908 2717 modifica-

547 2751 620 2825 ri,
658 2748 1010 2824 concludit,
1055 2746 1386 2810 infinitum
1429 2769 1548 2809 nec
1601 2746 1720 2810 effe
1769 2769 1908 2835 pos-

547 2842 609 2907 se
631 2844 698 2906 in
721 2842 1011 2905 minimis
1035 2842 1404 2904 maximum
1427 2839 1906 2918 mechanicum,

547 2939 611 3004 &
644 2961 719 3001 eo
752 2936 991 3015 minus,
1026 2959 1235 3024 quum
1270 2957 1402 2999 non
1439 2935 1511 2998 fit
1552 2935 1908 3017 minimum

1757 3051 1910 3116 geo-
