2080 3424
474 281 605 366 246
757 280 910 369 Cap.
948 280 1039 346 II.
1082 279 1185 343 De
1217 275 1602 364 mechanisma

471 418 539 481 in
573 414 868 506 specialia
902 412 1303 492 descendere,
1342 438 1474 481 non
1509 413 1702 502 hujus
1734 413 1845 477 lo-<

470 511 531 575 ci
564 511 653 575 est
679 537 694 576 ε
747 533 899 574 nam
935 510 1050 574 nisi
1075 524 1462 599 tympanum
1492 510 1660 572 auris
1687 507 1837 571 effet

469 605 659 694 plane
692 628 820 694 qua
855 604 1198 669 crassitiem
1244 606 1307 668 &
1347 602 1627 691 figuram
1661 604 1725 667 &
1759 602 1838 665 fi-

470 714 618 763 tum
652 699 1045 788 applicatum
1073 697 1151 760 ad
1186 712 1442 761 motum
1475 696 1839 761 tremulum

470 795 647 870 aeris,
697 815 830 856 non
888 793 975 856 ita
1014 790 1306 854 distincte
1349 791 1571 854 omnia
1623 804 1840 853 motus

471 887 605 974 ejus
640 902 976 950 momenta
1007 887 1071 950 ὅτ,
1106 884 1338 972 gradus
1386 884 1668 972 recipere
1701 905 1841 971 pos-

471 979 602 1058 set;
656 983 719 1045 &
763 979 979 1044 adhuc
1018 978 1257 1056 minus,
1295 978 1412 1042 nifi
1448 977 1841 1040 membranae

472 1075 805 1139 interiores
872 1074 1039 1137 circa
1103 1070 1550 1158 labyrinthum
1602 1073 1667 1136 δε
1731 1092 1842 1133 co-

471 1167 753 1244 chleam,
771 1189 1186 1256 nequaquam
1209 1167 1426 1230 omnia
1450 1181 1585 1230 tam
1613 1162 1840 1227 distin-

474 1266 573 1326 &ce
607 1265 670 1327 ὅτ,
702 1276 1117 1326 concentrate
1141 1257 1355 1370 versus
1386 1257 1718 1323 subtiliora
1740 1281 1844 1347 pe-

474 1371 723 1421 netrare
756 1354 1020 1446 possent

567 1543 861 1621 Accedit,
906 1543 1021 1607 nifi
1072 1543 1140 1606 in
1180 1541 1408 1606 mediis
1452 1540 1846 1605 membranis

475 1637 623 1703 effet
648 1639 875 1727 ligatio
898 1637 1064 1715 talis,
1095 1651 1167 1700 ut
1188 1659 1300 1725 per
1323 1636 1705 1725 ligationem
1733 1657 1848 1697 ex-

474 1733 615 1797 istat
650 1733 854 1822 figura
889 1688 1423 1795 menibranarum
1451 1729 1664 1794 debita
1691 1728 1796 1793 &
1779 1751 1847 1791 1n

473 1825 584 1891 sua
612 1824 889 1916 expansa
911 1825 1225 1914 aptisfima
1246 1824 1510 1901 divifio;
1548 1838 1621 1886 ut
1649 1826 1710 1888 δε
1731 1821 1847 1885 nifi

475 1922 564 1985 ita
598 1921 720 1984 fint
746 1919 1057 1997 formatae,
1085 1934 1155 1983 ut
1182 1915 1395 2007 ipsum
1423 1875 1701 1980 fluidum
1723 1915 1847 1979 ele-

476 2030 768 2079 mentare
816 2038 929 2103 per
969 2035 1194 2077 omnes
1234 2034 1474 2100 perque
1523 2007 1685 2099 ipsos
1736 2031 1850 2072 ne-

475 2131 596 2172 xus
628 2108 957 2172 liberrime
989 2106 1190 2196 poffet
1216 2105 1608 2184 transfluere,
1638 2126 1851 2167 mem-

475 2202 690 2265 branae
725 2225 844 2265 nec
878 2200 1294 2289 aequalisfime
1328 2196 1518 2262 tensae
1552 2213 1849 2261 teneren-

478 2310 605 2372 tur,
656 2319 778 2359 nec
833 2293 896 2359 se
945 2294 1019 2358 ad
1071 2314 1534 2382 quemcunque
1588 2306 1849 2355 motum

480 2388 891 2453 conformare
925 2385 1209 2476 poffent3
1264 2384 1422 2448 adeo
1469 2401 1542 2449 ut
1581 2386 1850 2449 exactis-

481 2483 638 2546 fima
650 2481 992 2546 harmonia
1006 2480 1538 2544 membranarum
1555 2502 1707 2543 cum
1725 2476 1850 2542 suis

478 2576 813 2640 elementis
847 2575 966 2640 esse
1002 2574 1248 2652 debeat,
1274 2596 1559 2662 quorum
1595 2596 1715 2662 ope
1738 2594 1851 2660 per

476 2685 696 2735 totum
730 2692 957 2759 corpus
1000 2667 1362 2733 fimillimus
1410 2682 1625 2731 motus
1670 2666 1849 2730 disfi-

476 2765 615 2853 pari
648 2765 861 2853 possit,
897 2764 961 2827 &
991 2759 1460 2849 consequenter
1504 2758 1755 2848 semper
1787 2761 1852 2824 δε

482 2858 691 2922 ubivis
728 2859 960 2921 fimiles
1007 2855 1403 2919 membranae
1450 2855 1517 2917 in
1567 2853 1849 2917 eundem

478 2966 588 3016 aut
620 2952 688 3015 in
723 2951 998 3015 fimilem
1025 2965 1285 3014 motum
1315 2947 1584 3012 auferri:
1638 2945 1851 3035 ipsum

1566 3040 1852 3104 elemen-
