2080 3424
479 223 606 288 142
823 202 982 292 Cap.
1020 203 1076 268 I.
1111 201 1216 267 De
1249 201 1498 291 Infinito

468 336 876 431 supersedere
901 339 1124 418 velim,
1150 362 1231 404 ne
1256 340 1559 406 turbetur
1592 362 1799 406 nexus
1824 367 1842 419 ;

472 435 627 500 volo
653 434 1117 500 tantummodo
1143 434 1332 499 filum
1362 435 1657 500 nostrum
1691 458 1845 500 con-

471 530 749 606 tinuare,
802 551 1038 618 nempe
1095 529 1273 618 quod
1331 529 1668 595 infinitum
1727 553 1846 594 nu-

474 647 628 689 men
651 623 1011 713 praeviderit
1035 624 1099 688 δε
1123 623 1496 713 providerit,
1529 640 1598 688 ut
1623 625 1848 689 omnia

474 718 554 783 ad
595 718 787 783 finale
831 718 1131 782 divinum
1178 718 1516 783 tenderent
1562 742 1674 808 per
1713 718 1847 783 ani·

475 836 655 879 mam
699 813 1163 902 imperaturam
1205 814 1482 901 corpori,
1519 816 1584 880 δε
1617 813 1848 878 volun-

474 924 632 974 tates
661 930 789 971 una
813 909 1133 970 recturam
1162 932 1177 982 ;
1230 908 1337 970 cui
1360 908 1443 971 fic
1470 907 1615 972 data
1641 906 1734 971 est
1755 907 1849 972 di·

474 1002 673 1068 rectio
706 999 1155 1091 perfectiffima
1189 1000 1267 1063 ad
1302 1000 1461 1064 illud
1497 1000 1690 1066 finale
1722 1003 1848 1093 pri-

475 1098 760 1162 marium
793 1096 860 1159 in
896 1095 1110 1184 primo
1143 1092 1433 1171 homine.

574 1284 696 1350 Sed
740 1283 1009 1349 fortaffis
1054 1283 1285 1372 aliquis
1320 1306 1549 1373 urgere
1582 1285 1750 1366 vult,
1786 1288 1851 1351 &

476 1380 713 1458 dicere,
749 1401 962 1469 quum
1011 1374 1352 1442 summum
1404 1401 1670 1444 numen·
1698 1402 1850 1470 prae-

478 1474 708 1540 viderit
741 1476 806 1541 δε
839 1472 1215 1563 providerit,
1243 1471 1421 1562 quod
1456 1474 1674 1539 anima
1705 1472 1851 1540 data

480 1568 740 1635 homini
775 1591 907 1632 non
935 1566 1237 1657 potuiffet
1271 1567 1349 1631 ad
1382 1564 1575 1633 suum
1611 1582 1851 1633 nutum

482 1668 547 1731 &
582 1662 661 1728 ad
706 1662 894 1727 illum
940 1661 1326 1751 primarium
1363 1661 1562 1726 finem
1597 1661 1850 1752 prorsus

476 1755 817 1848 disponere
871 1778 1098 1821 omnes
1153 1770 1358 1845 partes
1424 1756 1489 1820 in
1556 1780 1848 1846 corpore,

479 1851 587 1918 sed
607 1852 787 1942 quod
809 1849 1262 1916 succumberet
1283 1852 1560 1939 corpori,
1586 1855 1650 1916 &
1672 1851 1851 1939 quod

480 1947 850 2038 praevaleret
894 1945 1060 2009 aCtio
1110 1945 1392 2033 corporis
1442 1946 1509 2007 in
1557 1945 1852 2010 volunta-

481 2060 641 2120 tem,
678 2041 837 2104 adeo
873 2055 944 2103 ut
981 2039 1063 2102 fic
1098 2040 1334 2126 periret
1384 2039 1660 2103 omnino
1708 2039 1852 2104 finis

483 2135 866 2226 primarius:
931 2154 1142 2221 quum
1208 2131 1426 2219 itaque
1494 2132 1853 2221 praeviderit

485 2231 613 2295 hoc
647 2225 999 2292 omniscius
1040 2228 1105 2291 δε
1136 2228 1577 2315 omnipotenS,
1614 2251 1854 2316 quaere-

486 2348 552 2389 re
586 2322 817 2411 aliquis
850 2319 1122 2385 fortasfis
1156 2319 1368 2398 instat,
1405 2344 1523 2385 cur
1557 2323 1683 2386 tale
1717 2345 1855 2387 cor-

485 2441 603 2508 pus
636 2418 695 2481 ei
717 2414 984 2491 dederit,
1007 2437 1123 2477 cur
1146 2414 1341 2478 talem
1375 2413 1688 2494 animam,
1712 2439 1856 2506 quae

486 2535 621 2578 non
655 2507 955 2600 potuiffet
1000 2530 1220 2596 regere
1253 2531 1508 2598 corpu8,
1545 2533 1662 2574 cur
1706 2509 1856 2575 effe-

485 2609 670 2671 &um
692 2601 883 2668 suum
900 2602 1215 2666 ultimum
1234 2605 1615 2692 produceret
1636 2604 1855 2682 talem,

485 2716 561 2766 ut
593 2698 955 2764 laberetur?
1004 2718 1147 2785 quae
1180 2697 1402 2761 omnia
1436 2721 1706 2787 arguere
1738 2722 1856 2788 pu-

487 2810 580 2860 tat
614 2791 797 2858 fuiffe
833 2789 1139 2855 effectum
1182 2791 1498 2855 ultimum
1535 2815 1668 2856 non
1703 2793 1859 2857 Infi-

485 2888 609 2955 niti
628 2885 738 2954 seu
764 2908 882 2977 pro
908 2885 1204 2952 Infinit0.
1275 2883 1569 2975 Speciosa
1589 2886 1858 2976 quidem

1689 2979 1791 3069 obj
1801 3004 1860 3044 e·
1998 2970 2080 3424 ἰ
